4386 5618
1062 482 1114 559 26

259 698 363 775 omnis
385 695 611 795 philosophiae
636 692 731 785 initia
754 691 790 762 in
814 690 856 763 iis
880 688 992 762 inesse
1018 697 1051 763 et
1075 688 1234 763 infinitam
1259 713 1369 765 rernm
1394 692 1629 767 oecononum
1661 694 1850 771 varietatem
1875 697 1928 775 bia

260 818 408 915 angustis
433 817 551 889 linibus
578 807 725 887 coerceri
751 811 1005 883 arbitrabantur.
1056 811 1274 909 Quamquam,
1305 812 1360 910 qni
1384 811 1572 909 diligentius
1589 816 1804 892 Aristotelem
1828 819 1933 893 intel·

259 939 365 1037 ligcre
391 937 494 1035 cupit,
519 935 549 1006 is
574 934 727 1025 inveniat,
740 924 820 1004 'iam
845 931 1022 1030 categoriis
1046 933 1115 1006 illis
1138 932 1280 1008 iudicari
1305 933 1554 1031 quodammodo,
1586 960 1650 1032 quo
1675 946 1749 1011 tota
1771 939 1842 1013 cius
1867 938 1931 1014 do·

260 1060 369 1135 ctrina
399 1057 532 1148 tondat,
567 1053 652 1150 quod
684 1054 861 1151 praecipue
887 1055 921 1125 in
947 1053 1110 1127 esseutiae
1145 1059 1301 1153 (οὐσίας)
1330 1056 1465 1128 notione
1497 1054 1682 1130 delinienda
1706 1057 1830 1133 lactum
1855 1081 1931 1137 uase

231 1177 439 1254 cemimus.
472 1158 645 1248 'Plotium
677 1174 778 1271 igitur
811 1175 924 1247 decem
949 1174 1026 1246 illas
1060 1175 1247 1271 categorias
1272 1176 1313 1248 ab
1340 1175 1524 1249 Aristotele
1554 1178 1762 1276 propositas,
1784 1184 1928 1276 (odolo,
2045 1263 2054 1277 ,

259 1307 300 1376 τὸ
322 1307 441 1386 ποσὸν,
463 1305 504 1373 τὸ
526 1303 639 1381 ποιὸν,
665 1303 705 1371 τὸ
722 1282 810 1394 πρὸς
820 1328 865 1383 τι,
890 1304 969 1383 mor),
993 1304 1088 1381 ποτὲ,
1113 1308 1265 1383 κεῖσθαι,
1289 1300 1388 1390 ἔχειν,
1412 1312 1537 1388 ποιεῖν,
1560 1303 1719 1393 πάσχειν)
1750 1298 1785 1370 iu
1810 1299 1929 1396 quibus

259 1440 418 1490 summam
444 1414 537 1512 quasi
562 1414 732 1487 universae
745 1414 1043 1512 Peripateticorum
1068 1414 1237 1487 doctrinae
1262 1416 1458 1513 opinabatur
1481 1415 1604 1511 inesse,
1630 1442 1697 1490 non
1720 1419 1796 1516 ipsa
1819 1443 1929 1493 rerum
2065 1449 2072 1456 ·

259 1559 383 1635 genera
399 1558 473 1607 esse
500 1532 654 1627 ostendit,
681 1530 752 1627 sed,
779 1536 809 1607 si
835 1559 948 1608 aarum
972 1535 1122 1609 notiones
1137 1543 1228 1608 racto
1252 1534 1491 1632 intelligantur,
1506 1560 1646 1610 summa
1670 1562 1780 1611 rorum
1804 1563 1929 1637 gonora

258 1657 361 1729 iniis
394 1655 500 1727 latere
535 1654 770 1751 quodammodo
797 1663 832 1726 ct
855 1680 897 1728 cx
920 1657 964 1728 iis
988 1656 1144 1753 cognosci
1170 1663 1267 1752 atqm
1292 1652 1452 1752 explicari
1476 1680 1588 1754 posse.
1641 1657 1749 1750 Quam
1776 1660 1818 1765 ob
1844 1675 1930 1732 oau-
2076 1718 2082 1725 .

258 1800 352 1866 sam,
388 1797 486 1870 quum
509 1773 711 1845 Aristoteles
743 1797 807 1847 noc
845 1783 990 1847 mutuum
1015 1798 1127 1848 aarum
1150 1775 1237 1848 inter
1262 1798 1299 1846 se
1322 1797 1442 1875 nerum
1465 1799 1573 1871 nequo
1598 1776 1759 1873 originem
1783 1801 1931 1875 exposu-

217 1906 224 1917 '
260 1895 367 1985 isset,
380 1892 453 1990 ipse
466 1892 599 1989 plenam
613 1893 745 1966 illarum
768 1894 936 1967 notionum
949 1895 1014 1966 rim
1038 1894 1240 1992 perscrutari
1265 1900 1363 1990 atque
1389 1893 1519 1990 aporire
1544 1895 1678 1987 studuit,
1704 1898 1797 1968 cuins
1812 1897 1930 1995 dispu·
1975 1918 1989 1943 ·

259 2013 395 2086 tationis
410 2013 464 2084 bic
476 2014 582 2109 prima
596 2021 723 2086 tautum
737 2015 978 2088 delineamcuta
991 2038 1164 2112 possumus
1178 2014 1379 2087 describere.
1419 2009 1467 2084 Et
1480 2012 1619 2110 primum
1634 2013 1764 2111 qnidam
1780 2039 1929 2090 ossen·

259 2134 350 2207 tiae
373 2139 506 2228 (odola)
535 2133 737 2231 categoriam
751 2142 784 2207 et
796 2159 858 2233 per
873 2159 910 2207 so
930 2158 1048 2232 ragam
1066 2126 1163 2232 atqua
1185 2135 1371 2230 ambiguam
1392 2134 1467 2205 as'so
1490 2156 1555 2206 nac
1580 2133 1662 2206 satis
1687 2136 1788 2209 certis
1809 2136 1929 2213 linibus

258 2253 431 2350 areliquis
455 2253 631 2350 generibus
656 2254 800 2327 discerni
826 2254 992 2346 ostendit*
1006 2255 1082 2351 quia
1098 2254 1145 2345 id,
1171 2255 1257 2349 qnod
1270 2277 1336 2323 non
1352 2253 1408 2341 sit,
1433 2274 1477 2322 ne
1498 2252 1639 2346 cogitari
1663 2254 1793 2350 quidam
1809 2257 1927 2354 possit,

258 2372 369 2446 amnia
392 2372 493 2466 igitur
516 2371 752 2463 quodammodo
775 2380 903 2463 partem
924 2373 1067 2460 aliquam
1091 2372 1188 2436 linias
1211 2370 1354 2437 notionis
1378 2368 1534 2438 babeant.
1553 2365 1595 2465 ⁸⁸)
1649 2371 1740 2444 Tum
1772 2376 1928 2468 quanti

262 2489 433 2562 <notionem
455 2509 521 2558 non
543 2480 816 2580 simplicom'esso
832 2491 954 2571 monet,
979 2480 1040 2552 scd
1053 2480 1191 2552 bremis
1204 2476 1330 2554 duabus
1345 2483 1571 2580 compositam,
1595 2508 1730 2563 numero
1748 2498 1783 2562 ct
1796 2494 1929 2589 magni·

259 2607 383 2699 tudine,
399 2629 509 2702 quum,
525 2601 680 2700 quidquid
696 2600 949 2698 magnitudinem
967 2598 1109 2695 aliquam
1125 2598 1259 2692 babeat,
1283 2599 1319 2671 id
1336 2600 1402 2673 iam
1418 2604 1545 2684 numeri
1559 2605 1692 2680 notione
1707 2612 1926 2708 compraban-

258 2751 330 2800 sum
347 2733 381 2798 et
396 2723 561 2797 delinitum
574 2723 635 2813 sit3
660 2721 750 2795 solos
766 2722 867 2817 igitur
879 2741 1032 2791 nmueros
1046 2719 1081 2789 in
1095 2742 1204 2790 rernm
1217 2720 1393 2814 generibus
1406 2720 1509 2793 luisse
1525 2727 1707 2819 ponendos,
1731 2753 1796 2801 non
1814 2735 1929 2828 quanti
2040 2726 2045 2737 ’

258 2848 424 2923 notionem
428 2841 690 2939 admiscendam,
716 2865 801 2938 quac
817 2863 883 2911 non
896 2839 931 2909 in
948 2839 1039 2935 ipsos
1053 2862 1205 2910 numeros
1223 2838 1282 2910 scd
1294 2839 1330 2910 in
1340 2863 1395 2911 res
1410 2847 1535 2914 tautum
1555 2853 1743 2918 numeratas
1766 2850 1877 2924 cadat
1883 2847 1926 2949 ⁸⁸)

137 2983 142 2995 ’
260 2965 471 3042 Similiritio
489 2962 590 3034 etiarn
612 2959 758 3057 qualis
782 2959 948 3031 notionem
971 2958 1126 3031 laborare
1142 2958 1282 3051 censuit,
1307 2959 1343 3030 in
1359 2983 1469 3056 qnam,
1495 2984 1591 3057 quum
1608 2972 1746 3061 quatuor
1761 2970 1929 3046 contineat

177 3084 182 3089 ’
258 3086 408 3183 specics,
440 3081 588 3153 habiturn
609 3101 651 3151 ac
672 3077 904 3171 conditionem,
937 3085 1023 3172 (ἕξις
1040 3087 1098 3156 καὶ
1120 3083 1296 3180 διάθεσις)
1325 3080 1526 3177 potentiam,
1557 3089 1731 3185 (δύναμις)
1759 3088 1924 3187 affectum,

260 3209 409 3300 (πάθος)
432 3200 590 3298 formam,
615 3203 765 3297 (μορφή)
788 3196 1009 3269 diuersissima
1031 3195 1155 3270 collata
1180 3198 1265 3287 siut;
1297 3207 1473 3296 praetcrea
1492 3225 1559 3274 non
1581 3203 1765 3293 definivisse
1785 3207 1924 3285 Aristo-

257 3322 371 3415 telem,
399 3319 558 3418 quomodo
586 3317 754 3409 attributa,
777 3341 862 3415 quae
880 3316 922 3389 ad
945 3316 1134 3415 qualitatem
1146 3318 1342 3414 pertineant,
1369 3321 1411 3392 ab
1427 3321 1592 3396 attributis
1607 3324 1694 3418 istis,
1720 3331 1923 3429 qu'aeipsam

259 3444 311 3517 rci
333 3441 472 3516 alicuius
493 3447 645 3511 naturam
664 3437 876 3530 constituant,
903 3436 1121 3510 discernenda
1131 3438 1209 3510 sint.
1225 3431 1269 3531 ⁸⁸)
1310 3437 1458 3512 Maxima
1475 3464 1552 3514 raro
1564 3445 1624 3517 snb
1643 3446 1813 3522 relationis
1827 3461 1924 3527 cato·

225 3640 229 3649 ,
259 3563 387 3661 goriam
410 3567 568 3656 congesta
588 3581 662 3632 esso
682 3559 785 3631 multa
816 3556 1068 3651 demonstrarit,
1101 3581 1185 3655 quaa
1208 3557 1251 3630 ad
1275 3557 1538 3663 dirersararnm
1563 3587 1686 3660 genera
1715 3570 1922 3665 pertineant3

256 3706 337 3755 nam
357 3682 465 3755 relata
486 3678 573 3752 inter
597 3701 635 3751 se
653 3678 827 3773 nominari,
853 3701 937 3776 quae
961 3677 1189 3775 aliquomodo
1211 3677 1299 3751 inter
1321 3703 1360 3753 sa
1380 3703 1468 3753 nexa
1492 3682 1571 3776 sint,
1597 3683 1656 3758 sad
1679 3709 1747 3760 uon
1762 3713 1837 3762 essa
1857 3716 1922 3764 ox·

256 3803 413 3902 positum,
445 3800 500 3899 qni
524 3800 569 3872 sit
591 3798 651 3870 ille
675 3820 792 3892 nexus,
821 3821 906 3894 quao
926 3796 997 3870 eins
1021 3823 1160 3889 causao3
1191 3797 1337 3897 insuper,
1362 3824 1448 3898 qnae
1469 3802 1536 3875 sint
1554 3804 1677 3901 qualia,
1702 3828 1803 3905 saepe
1823 3810 1922 3885 simul

257 3924 345 3997 iuter
370 3945 409 3995 sc
430 3921 540 3994 relata
561 3942 649 4013 csse,
666 3919 715 3992 ita
737 3925 775 3990 ut
785 3917 894 3990 laxior
908 3918 952 3991 sit
969 3925 1003 3991 ot
1014 3919 1115 3994 latior
1130 3918 1225 3993 buius
1251 3921 1439 4018 categoriae
1454 3917 1668 4017 ambitus.⁸')
1717 3923 1826 4003 Porro
1841 3955 1923 4030 quas

257 4043 446 4140 categorias
471 4039 643 4139 particulis
681 4039 755 4112 nbi
776 4045 811 4112 ct
840 4037 1007 4136 quondo
1030 4038 1171 4113 indicari
1192 4040 1331 4139 uoluerit
1354 4041 1574 4137 Aristoteles,
1607 4065 1667 4117 aas
1693 4047 1802 4129 nullas
1833 4075 1921 4147 esse,

358 4381 431 4519 qiono
447 4377 645 4520 longanum}
657 4377 807 4447 categorib,
823 4378 912 4435 Barob
930 4383 1006 4436 188³.
1034 4381 1121 4452 uaga
1138 4397 1203 4439 varo
1218 4380 1254 4438 ad
1270 4397 1304 4439 aa
1319 4382 1412 4440 vadem
1428 4385 1571 4445 manduco
1587 4403 1657 4458 oon,
1674 4403 1742 4457 quac
1753 4389 1870 4450 eloneo·
1886 4391 1922 4450 da
1962 4430 1978 4441 -

378 4481 409 4519 ac
424 4474 479 4521 not
517 4478 534 4517 a

291 4578 331 4649 ⁸⁸)
347 4584 393 4635 Ar.
409 4589 495 4653 cates.
513 4597 536 4635 c
552 4585 580 4636 b.
597 4581 668 4636 Plot
686 4580 754 4636 Ena
771 4580 819 4648 vl,
837 4585 862 4647 1,
879 4587 961 4638 Μ.

184 4669 189 4684 1
284 4688 329 4766 ι”)
346 4700 390 4752 Ar.
408 4707 493 4769 cotcg.
511 4699 662 4755 calino„
680 4701 726 4766 vl,
745 4702 866 4764 ΒΜ.
962 4762 965 4771 ,

290 4814 329 4885 ⁸⁸)
347 4817 447 4871 Cato
465 4822 490 4872 α
514 4816 580 4872 Eun
597 4817 643 4886 Vl,
661 4823 686 4884 1,
704 4821 819 4874 10-12.

288 4932 777 5005 ⁸⁹)coaar.uoav1‚1,o·a
