4386 5618
1013 378 1316 493 „ji-..-

302 591 465 673 connuhio
487 594 599 662 natum
616 609 760 661 amorem
776 590 809 657 et
828 535 935 682 ipsum
955 590 1113 681 perpetuo
1129 582 1282 680 cupidine
1293 603 1468 679 numquam
1482 583 1602 658 satiata
1618 584 1753 661 morosi.
1765 581 1807 682 ⁸⁸)
1859 556 1969 663 Ceto?

124 738 130 751 ·
263 759 266 769 ·
295 743 374 793 rum
386 713 538 787 Plotinus
562 709 660 806 paulo
683 708 781 779 aliter
801 705 888 777 hunc
911 703 1053 799 mythnm
1077 704 1222 801 explieat
1240 700 1330 776 Eun.
1350 701 1477 797 111‚o,
1503 706 1564 798 14,
1589 707 1646 778 ubi
1669 715 1788 784 πενίαν
1806 709 1965 783 materiae

247 866 260 887 κ
301 836 478 931 inaginem
502 830 594 921 dicit,
621 851 716 923 quac,
742 849 805 922 per
827 849 863 897 so
887 833 1090 927 vana-atque
1113 822 1260 917 intinita,
1286 823 1465 897 formarum
1488 823 1629 922 desuper
1653 826 1849 899 venientium
1867 828 1966 926 copia

302 964 432 1056 (πόρῳ)
454 972 629 1045 numquam
645 969 721 1017 uero
738 944 920 1042 expleatur.
931 974 989 1000 ¹·-
1014 943 1109 1018 Nibil
1125 968 1201 1018 roro
1216 944 1322 1041 magis
1336 943 1504 1017 Plotinum
1521 946 1704 1043 occuparit,
1731 970 1827 1042 quam
1841 955 1877 1019 ut
1889 947 1968 1019 ani·

301 1098 378 1151 moe
390 1078 541 1143 naturam
563 1066 778 1162 investigaret
794 1073 828 1138 et
844 1064 1042 1162 exquireret,
1069 1066 1279 1162 quamobrem
1292 1089 1358 1138 non
1373 1090 1457 1164 pura
1467 1066 1625 1138 manserit
1638 1071 1737 1161 atque
1750 1066 1892 1162 integra,
1908 1065 1969 1141 sed

107 1218 113 1233 ’
172 1252 178 1259 .
301 1214 423 1288 corpus
439 1188 641 1278 assumserit,
668 1186 761 1258 euius
782 1186 977 1281 contagione
998 1185 1087 1257 mala
1102 1186 1231 1282 repleta
1246 1186 1290 1258 sit
1304 1186 1462 1277 lihidinc3
1487 1211 1564 1287 nam
1586 1194 1774 1258 etmcntcm
1792 1185 1969 1259 humanam

303 1321 339 1388 et
361 1308 503 1382 amnem
522 1308 563 1379 ah
586 1306 713 1401 origine
728 1305 857 1403 quidem
874 1307 995 1379 honam
1021 1313 1055 1378 et
1069 1304 1209 1377 duram
1229 1330 1304 1380 esse
1319 1309 1489 1399 censebat,
1513 1307 1574 1378 sed
1591 1306 1762 1402 pristinam
1784 1304 1968 1403 perdidisse

302 1427 554 1530 pulcritudinem
577 1433 612 1498 et
625 1425 736 1498 labem
757 1426 982 1522 maculamque
999 1425 1151 1518 traxisse,
1176 1450 1218 1498 ex
1233 1452 1297 1523 quo
1316 1451 1435 1525 corpus
1450 1426 1482 1500 ei
1497 1425 1695 1497 adhaeserit.
1747 1423 1823 1498 Nec
1838 1425 1971 1518 mirum,

176 1638 184 1655 .
305 1549 404 1649 quod,
431 1569 528 1643 qumn
550 1544 585 1616 in
598 1547 679 1618 orbe
695 1543 848 1618 Romano
871 1554 938 1617 tum
952 1545 1034 1617 nidd
1049 1545 1120 1617 fere
1136 1568 1243 1642 nequo
1264 1547 1299 1616 in
1313 1546 1484 1645 republica
1498 1568 1603 1642 neque
1621 1546 1655 1616 in
1677 1544 1969 1616 hominumsooie-

304 1678 374 1748 tete
390 1674 425 1740 ot
447 1664 653 1738 commerciis
676 1688 791 1737 sanum
812 1673 912 1757 esset,
939 1664 1113 1738 sanctioris
1136 1672 1169 1737 et
1183 1665 1375 1743 excelsioris
1393 1666 1493 1739 animi
1505 1666 1653 1738 homines
1669 1688 1735 1736 non
1752 1664 1857 1736 solum
1871 1687 1892 1735 a
1907 1688 1970 1736 ro·

302 1787 483 1887 luptatibos
502 1785 649 1879 eorporis
673 1784 910 1875 abstinuerunt,
944 1784 1003 1855 sed
1027 1783 1130 1878 ipsius
1153 1785 1253 1854 ctiam
1276 1785 1424 1881 corporis
1446 1808 1504 1855 eos
1527 1783 1652 1879 puduit.
1706 1781 1778 1856 Sed
1797 1807 1840 1853 ne
1861 1790 1970 1878 putes,

304 1911 405 1997 hanc,
428 1911 464 1977 ut
482 1902 586 1999 ipsius
598 1904 757 1975 vocabulo
772 1910 857 1994 utar,
883 1903 984 1974 animi
1001 1926 1043 1973 cx
1060 1923 1198 1996 corpore
1211 1898 1321 1994 lugam
1335 1926 1408 1971 curu
1423 1904 1465 1970 ab
1476 1900 1634 1970 Indorum
1657 1902 1860 1994 sapientibus
1880 1899 1971 1979 didi-¹

305 2029 406 2118 cisse,
432 2022 488 2119 qui
510 2019 596 2114 quod
616 2019 651 2089 in
677 2021 844 2091 enecando
870 2030 1008 2113 corpore
1020 2018 1202 2113 proiecisse
1226 2018 1376 2089 dicuntur
1391 2027 1518 2088 ornnem
1531 2016 1793 2112 superathdem3
1817 2018 1972 2092 Platonis

306 2147 408 2227 etiarn
427 2142 482 2214 hic
496 2139 634 2234 uestigia
657 2139 788 2235 premit,
815 2145 848 2209 et
862 2136 1038 2227 uberrima,
1066 2160 1148 2232 quae
1166 2137 1256 2208 illius
1279 2135 1423 2208 inlibris
1437 2136 1616 2228 invenerat,
1642 2136 1789 2208 eiusdem
1801 2137 1972 2210 doctrinae

304 2262 435 2345 semina
449 2262 498 2333 ita
513 2257 669 2348 excoluit,
687 2265 724 2329 nt
737 2256 906 2352 temporis,
924 2280 988 2351 quo
1002 2255 1142 2347 virebat,
1168 2255 1288 2329 rationi
1307 2254 1585 2329 accommodamm
1600 2263 1685 2327 erat.
1735 2255 1832 2328 Adeo
1847 2256 1972 2331 Plau,

292 2386 360 2459 ‘nis
386 2381 486 2456 armis
507 2378 676 2471 grmsticos
696 2377 877 2469 impugnat,
904 2375 960 2465 qui
981 2374 1064 2441 nihil
1079 2397 1148 2447 nou
1169 2375 1203 2440 in
1225 2374 1345 2442 inundo
1366 2382 1554 2466 corruptum
1575 2399 1649 2445 csse
1664 2383 1699 2444 et
1713 2375 1854 2445 anilnam
1870 2398 1972 2469 prora·

307 2529 364 2578 sus
384 2495 627 2598 pessumdatam
638 2515 715 2562 esse
729 2489 921 2579 clamarent,
948 2488 1066 2584 quippe
1083 2511 1166 2584 quae
1181 2486 1248 2560 non
1262 2512 1284 2558 a
1296 2513 1421 2561 surnmo
1438 2489 1500 2562 dco
1522 2489 1582 2561 sed
1604 2491 1646 2561 ab
1671 2489 1818 2563 inferiori
1832 2492 1972 2586 quodam

308 2621 477 2712 demiurgo
497 2618 612 2686 creata
633 2618 739 2699 essct;
752 2605 794 2706 ³⁹)
821 2608 937 2706 quihus
961 2607 1124 2703 puriorem
1147 2630 1240 2678 suain
1261 2613 1295 2678 et
1311 2606 1463 2683 Platonis
1487 2608 1648 2684 rationem
1672 2607 1713 2680 de
1732 2610 1863 2701 mundo,
1889 2635 1972 2708 pera¹

307 2742 398 2816 locta
413 2735 468 2813 dei
489 2732 645 2829 imagine,
669 2738 706 2803 et
719 2730 760 2802 de
775 2728 885 2801 aniana
901 2727 998 2823 lapsa
1009 2727 1140 2823 quidem
1158 2725 1217 2797 scd
1238 2734 1382 2798 eruente
1399 2727 1508 2798 duna
1531 2750 1705 2823 numquam
1720 2727 1848 2801 divulsa
1863 2755 1973 2831 oppoq

308 2863 371 2937 nit.
422 2856 635 2948 Plerumque,
658 2873 759 2946 quum
780 2848 821 2919 dc
847 2846 977 2919 animae
997 2853 1115 2917 natura
1139 2845 1283 2941 exponit,
1309 2869 1351 2917 ca
1375 2846 1532 2942 sequitur,
1559 2870 1642 2943 quac
1657 2845 1757 2920 Plato
1776 2849 1811 2920 in
1829 2847 1971 2925 Timaeo

309 2981 478 3057 docuerat.
531 2971 606 3062 Sic,
632 2993 730 3065 quum
741 2967 790 3038 ibi
803 2964 994 3056 inuenisset,
1020 2963 1116 3037 deum
1133 2988 1174 3037 cx
1199 2962 1324 3037 duabus
1342 2965 1478 3039 diversis
1498 2966 1636 3057 naturis,
1663 2991 1799 3063 quarum
1821 2991 1887 3041 nuo
1905 2993 1973 3044 nor

308 3100 416 3201 possit
429 3098 465 3169 in
481 3098 594 3188 partes
612 3085 794 3178 discedere,
820 3086 929 3158 altera
942 3085 1069 3157 circum
1083 3107 1224 3180 corpora
1238 3083 1343 3159 divisa
1359 3108 1400 3157 ae
1412 3083 1584 3159 distributa
1599 3086 1654 3178 sit,
1681 3088 1811 3160 te'rtiem
1828 3089 1973 3186 aliquan'

309 3215 483 3293 miscuisse
508 3217 543 3282 ot
562 3207 796 3304 composuisse,
822 3205 857 3276 in
880 3203 987 3277 medio
1010 3203 1097 3275 inter
1117 3226 1239 3301 puram,
1256 3211 1398 3277 mentem
1415 3213 1449 3277 et
1460 3229 1601 3303 corpora
1616 3204 1691 3277 loco
1707 3208 1915 3302 collocatam,
1927 3205 1973 3304 ⁴⁶)

309 3337 375 3411 hoe
398 3332 541 3407 diuinum
556 3327 689 3425 aliquod
703 3325 880 3398 aPlatone
894 3323 1095 3422 propositum
1111 3323 1261 3418 aenigma
1276 3325 1400 3416 (θείως
1419 3327 1611 3425 ᾐνιγμένον)
1632 3323 1757 3398 iudicat
1773 3336 1807 3398 ct
1820 3329 1867 3400 ita
1880 3335 1972 3402 recte

311 3455 469 3554 explicat,
494 3459 531 3523 ut
544 3448 645 3539 dicat,
672 3445 814 3518 animam
829 3443 972 3515 universi
988 3465 1062 3514 csso
1075 3441 1173 3513 istam
1188 3442 1402 3538 compositam
1415 3448 1580 3530 naturam3
1605 3441 1692 3515 banc
1708 3446 1794 3517 anim
1809 3447 1844 3517 in
1859 3455 1972 3546 partes

168 3656 172 3667 Ι
309 3573 414 3652 videri
432 3570 561 3669 quidem
582 3566 768 3638 muhamet
788 3563 824 3635 in
848 3586 988 3661 corpora
1012 3560 1205 3658 dispersam,
1232 3560 1291 3632 scd
1312 3583 1388 3633 vero
1411 3584 1478 3637 non
1499 3583 1574 3634 esse
1595 3561 1743 3655 divisam,
1768 3589 1888 3663 neque,
1910 3567 1974 3641 etsi

308 3693 469 3771 infinitam
484 3687 685 3784 singularum
698 3684 879 3757 animarum
901 3681 1137 3780 complectatur
1158 3679 1395 3752 multitudinem
1409 3687 1444 3752 et
1463 3680 1665 3776 uarietatem,
1689 3682 1794 3781 ipsam
1810 3685 1845 3756 in
1860 3687 1976 3757 multi-

191 3880 195 3889 .
308 3814 454 3893 tudinem
478 3806 593 3900 dilabi,
618 3803 800 3878 sedunam
824 3826 897 3875 esse
921 3802 957 3874 in
979 3801 1091 3874 multis
1111 3798 1303 3899 corporibus
1326 3800 1415 3874 uires
1437 3824 1516 3874 suas
1536 3800 1674 3875 dirersis
1686 3803 1790 3874 modis
1803 3825 1844 3874 ac
1859 3802 1974 3879 formis
2047 3882 2048 3886 Ἴ

355 4116 393 4186 ⁸⁸)
409 4114 458 4179 Ill,
470 4117 497 4178 5,
508 4115 534 4163 1.
548 4106 587 4163 ιδ’
593 4102 749 4178 γενόμενον
755 4104 789 4159 ori
801 4105 894 4160 τέλεον
908 4103 973 4159 οὐδὲ
989 4101 1281 4171 asarta-ettonem,
1295 4097 1382 4163 sares
1397 4101 1517 4171 ἰφίσεως
1526 4099 1641 4172 ἀορίςου
1650 4105 1697 4156 καὶ
1712 4101 1796 4173 λόγου
1809 4108 1911 4161 ἱκανοῦ
1918 4124 1974 4176 γε-

412 4198 619 4272 γενημένακ-
630 4190 726 4245 Nescio
739 4190 870 4257 quomodo
879 4190 1042 4245 Platonicam
1053 4187 1174 4240 tabells·
1186 4187 1281 4254 legenti
1297 4185 1357 4238 milri
1370 4203 1474 4253 semper
1484 4189 1511 4239 ln
1525 4195 1638 4241 mentem
1650 4190 1735 4242 recht
1745 4191 1891 4257 lepidissimi
1899 4192 1975 4246 Goe-

412 4283 457 4337 soit
474 4277 620 4341 commenti,
639 4276 681 4342 qut
692 4275 784 4327 ramo
801 4281 828 4326 et
840 4274 958 4327 Helenae
975 4274 1052 4327 titiam
1065 4272 1256 4340 Euphorionem
1273 4271 1351 4323 nimio
1369 4272 1446 4323 enimi
1465 4272 1561 4339 impetu
1579 4281 1680 4327 motum
1690 4282 1717 4327 et
1730 4274 1874 4327 mutianum
1888 4291 1974 4330 rerum

414 4364 587 4436 gerendorum
604 4359 726 4413 desiderii
743 4360 847 4426 plenum
864 4359 969 4412 tandem
987 4359 1013 4410 tn
1030 4373 1106 4408 ouras
1124 4347 1197 4424 fingit
1212 4357 1370 4420 evolantem,
1393 4355 1463 4408 unde
1480 4356 1504 4409 in
1523 4364 1618 4410 terram
1635 4358 1755 4427 delapsus
1772 4365 1885 4411 mortem
1903 4360 1976 4416 uve·
2031 4370 2034 4374 ’
2100 4340 2111 4348 ’

413 4453 488 4506 uerit.
524 4447 629 4535 Scilicet
646 4451 722 4498 natue
740 4451 797 4497 erat
814 4458 877 4512 puer
893 4451 977 4511 patre,
994 4442 1066 4496 coins
1082 4441 1160 4497 libido
1177 4442 1251 4494 nullis
1268 4439 1360 4494 finibus
1377 4441 1555 4508 coercebatur,
1573 4448 1601 4496 et
1617 4450 1700 4496 matre
1717 4440 1904 4509 phantasmate,

362 4586 401 4655 ⁸⁹)
419 4584 483 4640 hdr.
499 4584 596 4637 Gnoet.
612 4580 662 4645 ΙΙΙ,
679 4583 705 4645 9,
719 4594 745 4633 c.
762 4580 806 4632 l·
823 4582 848 4632 9.

358 4720 397 4788 ω)
414 4718 482 4773 rm.
500 4736 526 4786 p.
541 4721 585 4777 ³5·
609 4718 655 4783 τῆς
674 4712 809 4787 ἀμερίςου
829 4713 877 4767 acl
893 4684 967 4768 'aava
987 4711 1073 4768 saara
1095 4708 1209 4783 ἐχούσης
1234 4709 1401 4772 odotae'ecl
1423 4714 1471 4783 τῆς
1492 4703 1529 4770 αὖ
1549 4713 1615 4786 περὶ
1630 4709 1663 4768 τὰ
1678 4709 1795 4784 σώματα
1808 4717 1975 4785 γιγνομένης

415 4804 539 4878 μεριςῆς,
559 4806 651 4876 τρίτον
666 4800 696 4862 ἐξ
711 4797 822 4870 ἀμφοῖν
834 4798 865 4854 ἐν
880 4801 956 4870 μέσῳ
968 4794 1166 4872 ξυνεκεριὶσατο
1180 4796 1275 4859 οὐσίας
1289 4791 1370 4858 elder.
1474 4826 1478 4831 ·
