4386 5618
1066 400 1115 476 12

969 500 1209 519 *ιι-*ιι*

146 620 163 653 '
230 611 339 690 ‘nihil
362 614 490 688 omuino
504 620 672 685 aurnemm
694 631 769 684 esse
794 607 994 700 dictitarent,
1007 604 1047 704 ¹⁰)
1075 616 1109 681 ct
1123 606 1351 698 Aristotelem,
1379 606 1433 703 qui
1456 631 1609 683 numeros
1628 610 1785 685 docuerat
1799 615 1922 690 nonin

257 738 365 834 prima
381 760 504 827 eorum,
532 759 615 831 quae
631 734 708 825 siut,
736 729 821 803 serie
847 752 920 800 esee
936 723 1161 819 collocandos,
1188 728 1247 800 sed
1265 751 1339 798 esse
1354 728 1504 800 notiones
1519 753 1540 800 a
1554 733 1664 823 rebus,
1691 758 1774 829 quae
1791 736 1826 806 in
1841 760 1924 809 seu·

258 880 332 929 sum
353 857 541 944 incurrant,
576 858 730 924 avocatos
756 858 790 921 ct
814 849 921 921 anirrm
944 847 1148 918 iniormatas.
1162 841 1206 939 ²⁰)
1243 846 1454 920 *Doctsiuam
1480 858 1588 920 autem
1611 852 1703 922 illam
1728 858 1924 931 auctoritaie
1995 855 2006 895 ·'

259 974 412 1048 Platonis
422 970 647 1060 confirmavit,
681 968 737 1065 qni
753 976 788 1040 et
799 969 870 1064 ipse
884 969 949 1039 iam
964 967 1001 1037 in
1014 967 1183 1038 idcissuis
1199 989 1352 1039 numeros
1366 968 1477 1039 inesse
1495 969 1670 1062 docuerat,
1704 975 1833 1047 scilicet
1845 976 1925 1072 quia

258 1096 391 1192 quaevis
402 1094 477 1164 idea
493 1090 602 1161 unitas
618 1088 777 1185 quaedam
791 1089 835 1159 sit
850 1086 953 1159 multa
967 1086 1053 1159 inse
1067 1086 1250 1158 continens.
1267 1081 1311 1177 ²¹)
1365 1087 1514 1174 Athene
1528 1090 1776 1185 observaverat,
1803 1094 1926 1168 Pieros

258 1238 334 1286 nem
349 1238 415 1285 non
438 1209 555 1283 eodem
576 1208 821 1306 semper-modo
837 1208 983 1279 locutum
1006 1205 1127 1295 iuissc3
1153 1229 1229 1277 nam
1247 1204 1339 1276 Tim.
1357 1230 1392 1303 p.
1412 1207 1475 1299 37,
1502 1233 1596 1304 quem
1612 1209 1722 1282 locum
1740 1212 1813 1309 ipse
1829 1214 1938 1295 affert,

258 1331 349 1407 Eun.
367 1331 435 1424 vi,
455 1331 494 1423 6,
514 1330 552 1420 4,
578 1351 746 1399 numemm
773 1328 809 1397 in
831 1326 949 1399 mundo
972 1326 1100 1398 demum
1121 1326 1271 1397 sensibili
1289 1333 1394 1398 ortum
1421 1351 1495 1400 esse
1517 1328 1628 1403 dicere
1651 1331 1790 1425 videtur,
1816 1334 1864 1405 ita
1887 1341 1926 1408 ui

259 1453 350 1524 notio
373 1452 443 1523 eius
469 1448 706 1522 alternantibus
726 1447 839 1520 dicbus
863 1446 1078 1542 noctibusque
1103 1452 1136 1516 ct
1151 1444 1282 1518 omuino
1306 1453 1487 1543 temporum
1505 1450 1620 1545 spatiis
1642 1451 1677 1521 in
1694 1452 1927 1526 animo-homi·

258 1595 336 1645 num
348 1572 489 1669 primum
500 1569 647 1641 excitata
659 1566 775 1655 luerit3
787 1624 789 1628 »
801 1566 861 1639 sed
873 1566 953 1638 vidit
970 1567 1081 1657 etiam,
1095 1564 1181 1637 hunc
1194 1565 1305 1636 locum
1320 1566 1553 1661 explicandum
1567 1592 1692 1643 esseex
1708 1571 1783 1645 aliis
1800 1575 1925 1670 multis,

259 1692 317 1763 nbi
329 1715 497 1779 nnmerum
512 1710 588 1759 vere
607 1685 731 1782 aliquid
743 1709 817 1758 csse
835 1690 871 1782 (ὁ
887 1689 1070 1784 ἀριθμόςὸ
1088 1692 1124 1762 ἐν
1137 1689 1255 1783 οὐσίᾳ)
1273 1685 1432 1757 docuerat¹
1445 1682 1564 1776 Platoq
1577 1682 1620 1780 ²²)
1644 1690 1765 1764 addere
1782 1701 1926 1790 poterat,

259 1809 347 1883 hunc
362 1834 468 1906 neque
484 1805 669 1879 inTirnaeo
681 1828 816 1900 negare,
832 1802 958 1874 numeri
971 1803 1135 1874 notionem
1148 1803 1213 1874 iam
1225 1802 1264 1873 in
1279 1811 1415 1875 aeterna
1426 1813 1534 1876 mente
1551 1805 1672 1897 luisse3
1699 1810 1812 1883 diceus
1825 1815 1924 1910 enim,

261 1929 439 2002 secundum
454 1949 621 1999 numerum
641 1922 727 2021 (κατ’
746 1919 912 2023 ἀριθμὸν)
937 1920 1024 1994 hunc
1041 1918 1194 1994 mundum
1210 1922 1311 1995 certis
1328 1929 1362 1995 et
1376 1920 1517 1995 delinitis
1530 1926 1671 1999 motibus
1683 1931 1817 2022 moveri,
1842 1958 1926 2029 pro·

188 2082 193 2093 ι
261 2047 371 2123 fitetur
391 2049 502 2141 mmai,
525 2047 593 2117 iam
617 2044 806 2141 priusquam
828 2041 965 2113 mundus
988 2041 1260 2132 conditnsluerit,
1286 2064 1455 2113 numerum
1468 2041 1584 2136 luisse,
1611 2053 1648 2117 ut
1661 2055 1828 2122 aeternam
1841 2076 1926 2126 nor-

169 2268 173 2279 ·
260 2193 361 2262 mam,
375 2166 564 2241 ¹secundum
580 2188 677 2261 quam
692 2163 781 2234 illins
795 2161 1146 2257 motusdirigerentnr.
1159 2155 1199 2254 ²³)
1214 2200 1269 2223 .·-
1295 2159 1455 2234 Omnium
1466 2164 1634 2236 notionum
1647 2191 1832 2266 supremam
1847 2172 1926 2246 honi

260 2312 349 2382 esse,
373 2288 461 2360 unde
485 2308 600 2360 onmes
623 2283 713 2355 aliae
736 2305 843 2354 nexae
867 2281 933 2353 sint
954 2304 1000 2352 ae
1024 2305 1215 2378 suspensae,
1250 2281 1433 2354 certissime
1457 2280 1584 2356 viderat
1608 2283 1708 2360 Plato
1732 2297 1770 2362 ut
1796 2290 1928 2367 Socra·

258 2411 365 2496 ficus3
398 2431 475 2478 nam
498 2405 562 2474 hac
587 2404 716 2472 demum
740 2401 872 2470 notione
896 2399 1028 2466 inventa
1052 2405 1149 2489 atque
1173 2401 1337 2468 illustrata
1363 2400 1538 2481 Socratem
1563 2403 1655 2472 dicas
1688 2408 1927 2507 philosophiam

237 2551 306 2600 ex
339 2524 531 2598 sublimibus
561 2520 630 2591 illis
656 2525 691 2590 et
720 2514 872 2587 inanibus
905 2512 1114 2608 regionibus,
1149 2512 1292 2609 inques
1323 2516 1454 2588 evolare
1487 2527 1660 2615 coeperat,
1693 2522 1736 2593 od
1760 2525 1926 2606 hominum

261 2645 359 2719 sedes
384 2668 426 2716 ac
450 2640 640 2714 societatem
664 2657 850 2709 revocasse.
902 2630 1020 2728 Neque
1046 2631 1206 2704 diversmn
1232 2657 1254 2703 a
1278 2634 1363 2705 bono
1390 2632 1638 2709 Socraticorum
1661 2640 1853 2721 Aristotelis
1875 2659 1928 2727 eet

260 2764 350 2839 istud
376 2762 416 2842 οὗ
430 2769 538 2851 ἕνεκα,
567 2757 653 2856 quod
678 2754 837 2854 quomodo
853 2752 888 2822 in
909 2751 1047 2845 singulis
1073 2751 1222 2822 omnibus
1247 2753 1346 2824 rebus
1372 2762 1543 2850 appareat,
1569 2757 1712 2831 universi
1736 2763 1826 2838 illius
1847 2770 1927 2843 libri

190 2946 193 2955 .
261 2883 447 2959 ostendunt.
489 2878 590 2952 llario
604 2875 756 2949 Platonis
774 2872 940 2944 notionem
959 2870 1007 2940 ita
1032 2870 1158 2966 reecpit
1173 2869 1338 2962 Plotinus,
1364 2877 1402 2942 ut
1425 2872 1545 2944 bonum
1569 2869 1669 2971 supra
1693 2883 1814 2976 omnia,
1840 2874 1926 2984 qm

260 3011 384 3096 emant,
410 3002 533 3074 clatum
545 2992 587 3093 ²⁴)
607 3020 635 3071 a
659 3017 784 3065 summo
806 2991 868 3062 deo
887 2987 954 3061 nou
980 3011 1054 3060 esse
1080 2988 1241 3060 diversum
1266 2987 1456 3083 ullinuaret,
1482 2999 1516 3064 ei
1532 3002 1704 3068 aeternam
1717 2992 1924 3104 illam'atqne

260 3126 427 3198 immotam
452 3139 528 3189 csse
552 3112 711 3184 unitatem
718 3160 732 3204 ,
766 3109 853 3182 undo
878 3113 912 3181 et
934 3130 1028 3179 meus
1055 3114 1089 3178 et
1114 3107 1224 3179 snhna
1247 3115 1406 3221 perpptno
1430 3109 1574 3184 habeant
1600 3116 1833 3216 originem,²⁵)
1859 3151 1925 3224 qm
2020 3182 2028 3191 .

300 3373 339 3442 ¹¹)
357 3374 431 3427 Sext
449 3371 549 3439 Empir.
566 3368 624 3423 adv.
641 3365 714 3436 phys.
731 3365 767 3431 11,
783 3369 842 3418 24⁸,
860 3378 917 3430 sqq.

302 3491 341 3561 ²⁰)
359 3490 445 3546 Totus
468 3491 534 3544 iiber
550 3488 610 3543 xli.
629 3483 821 3553 memphyticae
838 3482 864 3535 iu
882 3479 932 3536 hec
948 3480 1056 3536 muteris
1072 3485 1200 3546 versetur,
1216 3422 1286 3536 uude
1300 3481 1382 3537 mults
1398 3481 1433 3538 de
1448 3483 1568 3540 Piateuh
1584 3456 1684 3556 piscitis
1700 3489 1834 3561 dbeimm
1857 3510 1926 3564 φ..

362 3578 413 3631 iu
405 3577 485 3646 ipsius
502 3576 606 3643 seriptis
621 3588 675 3629 non
693 3569 789 3624 mdia
805 3573 872 3621 suut.

300 3693 338 3765 ²¹)
357 3692 463 3763 Optime
480 3692 514 3746 de
532 3691 580 3746 hnc
597 3691 759 3758 quaestione,
778 3686 811 3739 de
815 3700 880 3757 qus
897 3685 992 3738 certius
1010 3684 1106 3752 aliquid
1123 3662 1229 3739 delinire
1246 3699 1299 3738 nou
1315 3684 1452 3740 admodum
1470 3687 1546 3741 ieeiie
1565 3693 1616 3754 est,
1640 3692 1696 3759 egre
1713 3691 1924 3753 'rempham

362 3780 420 3848 glas
438 3778 463 3831 iu
487 3778 553 3830 libro
571 3775 604 3827 de
621 3774 686 3827 ideis
703 3781 731 3825 et
747 3772 859 3824 numeris
877 3768 1011 3832 Platonis,
1034 3768 1104 3838 Lipc
1124 3773 1199 3823 leae.
1234 3768 1319 3822 Mults
1344 3770 1421 3825 etism
1437 3778 1509 3824 recte
1526 3771 1588 3824 vidit
1604 3773 1779 3830 Brundisina
1772 3795 1798 3833 ιιι
1814 3781 1925 3840 diatriba

361 3865 397 3919 de
412 3861 521 3934 perdius
538 3858 683 3914 Aristotelis
701 3857 774 3909 libris
792 3855 825 3908 de
843 3854 906 3908 idels
925 3862 951 3907 et
968 3852 1047 3904 hono.

73 4010 82 4023 =
182 3952 185 3956 .
208 3988 221 4021 s
296 3981 334 4049 ¹²)
349 3981 492 4048 Respicere
510 3978 670 4047 potissimum
686 3973 788 4027 videtur
802 3972 920 4028 Plotioss
931 3968 1092 4025 Parmenidie
1105 3969 1179 4024 litem
1196 3969 1290 4034 locun,
1308 3969 1410 4037 (Peru.
1425 3987 1452 4042 p.
1469 3974 1539 4042 144)
1556 3974 1600 4028 ιιι
1610 3974 1788 4046 Parmenides,
1805 3982 1828 4035 st
1845 3999 1924 4040 unm

31 4084 33 4091 ’
359 4067 402 4132 sit,
419 4063 567 4120 necessario
585 4063 664 4116 etiem
680 4073 813 4114 nnmerum
831 4073 890 4112 esse
907 4057 1076 4110 demonsiret
1937 4045 1940 4052 '

300 4181 339 4255 ¹¹)
357 4182 556 4259 eoncedendum
580 4178 685 4235 omnino
708 4182 764 4241 est,
787 4176 955 4230 Aristotelem
976 4180 1003 4227 et
1020 4172 1134 4227 Platone
1152 4178 1181 4227 et
1196 4171 1299 4226 Plotina
1322 4172 1418 4227 rectius
1441 4175 1621 4243 perspexisse,
1645 4179 1705 4246 quid
1729 4183 1764 4236 sit
1784 4199 1925 4255 numerusq

356 4283 417 4322 uem
434 4283 482 4336 per
500 4282 530 4319 se
547 4262 650 4331 quidem
667 4260 736 4316 nuda
753 4269 795 4313 est
811 4262 883 4315 notio
901 4259 1007 4324 numeri,
1032 4259 1074 4324 qai
1092 4273 1150 4311 eum
1167 4258 1201 4311 sit
1218 4258 1312 4326 σχῆμα
1329 4263 1427 4312 tuntum
1445 4259 1548 4326 aliquod
1566 4272 1719 4330 argumento
1735 4283 1852 4333 vacnum,
1870 4285 1923 4326 nou

356 4368 419 4423 pers
441 4366 501 4404 esse
523 4353 612 4419 petest
633 4347 711 4399 ideae
733 4345 788 4397 sive
811 4358 892 4411 poree
914 4345 986 4396 istius
1009 4342 1135 4407 eodonis,
1161 4356 1238 4409 ιιιιιι
1256 4357 1290 4396 ex
1305 4357 1336 4397 se
1352 4343 1411 4413 ipss
1426 4346 1681 4414 amplecterer
1699 4358 1740 4402 est
1757 4353 1831 4416 quest
1847 4352 1924 4411 iden

357 4438 431 4492 limes
449 4442 476 4489 et
492 4435 557 4500 linis,
583 4447 634 4499 que
652 4432 695 4484 iiis
711 4428 926 4484 circummribitur
943 4435 971 4482 et
988 4429 1147 4482 terminetur.

295 4552 334 4624 ¹¹)
353 4555 397 4607 Sic
414 4555 465 4607 iane
482 4552 561 4606 Plato
578 4555 705 4606 statuerat
723 4562 776 4615 rep.
795 4545 841 4610 vl,
860 4562 884 4612 p.
901 4550 961 4599 509.
978 4542 1029 4600 oriar
1047 4543 1145 4606 odaiae
1167 4538 1315 4607 ὄντοστοῦ
1338 4544 1459 4617 ἇγαιοῦ,
1477 4545 1536 4602 ἀλλ’
1556 4548 1596 4604 ἔτι
1611 4548 1741 4605 ἐπέκεινα
1755 4553 1802 4621 τῆς
1815 4552 1920 4619 οὐσίας,

294 4655 334 4725 ²¹)
348 4657 450 4710 Bousm
473 4654 596 4708 tescionis
619 4648 799 4705 intellmusiis
820 4649 921 4700 eulmen
939 4653 967 4701 et
992 4646 1144 4715 principium
1167 4663 1226 4700 esse
1250 4655 1277 4701 et
1301 4649 1385 4718 ipsum
1407 4651 1444 4703 lte
1467 4665 1557 4717 pnsum
1574 4657 1602 4703 et
1622 4652 1788 4718 immixtum,
1812 4663 1841 4710 ιιι
1858 4657 1921 4713 nibil
1963 4708 1966 4726 ι

356 4739 461 4792 omniuo
479 4738 512 4790 de
529 4755 561 4792 eo
579 4735 718 4804 praedicari
737 4731 829 4800 pessit,
854 4747 912 4784 eum
929 4731 955 4783 in
975 4731 1093 4786 omnibus
1109 4730 1165 4786 iere
1181 4732 1253 4786 libris
1270 4733 1324 4787 sais
1341 4734 1439 4789 indicat
1455 4735 1591 4800 Plotinae,
1613 4740 1668 4793 tum
1684 4737 1851 4797 subtilissime
1867 4757 1918 4797 ιχ.

355 4823 427 4891 ponit
443 4821 469 4877 iu
485 4822 579 4876 ultimis
595 4820 676 4873 tribus
692 4824 783 4873 sextae
800 4815 931 4877 Euueed'u
947 4815 1028 4870 libris.
