4386 5618
1078 391 1127 465 lo

268 608 330 683 siet
361 605 542 707 expiscari,
577 596 716 698 prinum
751 591 895 690 quaerit,
930 592 1007 692 quid
1040 594 1084 668 sit
1114 594 1255 694 primum
1286 594 1374 670 istud
1408 605 1443 672 ct
1473 624 1584 675 verum
1608 601 1643 676 in
1668 611 1776 679 mente
1801 611 1936 681 creato-
1981 616 1988 625 ’

271 730 320 803 ris
354 729 491 821 animal,
527 721 613 822 quod
637 729 677 796 τὸ
699 723 862 803 παντελὲς
887 724 970 806 ζῶον
1001 739 1100 814 supra
1134 716 1263 789 (lineum
1287 717 1406 812 Plato,
1442 720 1491 818 (p.
1518 724 1581 816 31,
1608 730 1660 815 a.)
1690 727 1725 798 in
1760 752 1822 825 quo
1847 727 1934 801 sin·

270 850 376 948 pliees
399 855 538 920 cunetae
560 863 671 914 rerum
696 835 911 908 creandarum
933 836 1082 910 notiones
1102 836 1240 931 lateant,
1273 846 1353 933 turn,
1387 843 1546 938 quomodo
1575 869 1668 918 mens
1694 846 1756 919 luas
1783 848 1934 921 notiones

263 970 368 1042 modo
389 968 567 1064 inspicere,
592 958 688 1032 modo
706 954 747 1028 de
760 956 801 1027 iis
818 956 965 1051 cogitare
979 956 1120 1030 dicatur.
1171 956 1227 1029 lta
1245 967 1353 1031 autern
1370 963 1593 1057 quaestionem
1607 970 1810 1064 propositam
1825 968 1934 1062 soluit,

268 1096 307 1160 ut
322 1089 462 1186 primum
483 1082 612 1183 quidem
626 1077 830 1168 confiteatur,
850 1077 971 1148 animal
983 1076 1066 1150 illud
1083 1078 1290 1174 intelligibile
1307 1080 1409 1153 videri
1427 1107 1501 1157 esse
1517 1085 1641 1181 aliquid
1658 1111 1680 1158 a
1694 1096 1804 1161 mente
1822 1088 1934 1162 moero

269 1230 355 1299 sunu,
382 1230 479 1304 quum
500 1227 592 1277 mens
617 1199 711 1298 quasi
736 1196 939 1270 extrinsecus
962 1197 1055 1270 ideas
1075 1198 1106 1270 ei
1125 1198 1242 1271 insitas
1263 1195 1396 1274 dicatur
1409 1205 1611 1302 perspicere,
1637 1232 1713 1279 mon
1728 1232 1805 1281 uero
1819 1208 1933 1303 addat

268 1350 346 1400 ucre
370 1348 436 1399 non
459 1327 620 1398 diuersum
644 1343 718 1393 esse
737 1341 836 1416 posse
861 1341 883 1389 a
906 1326 1026 1411 mente,
1053 1318 1150 1416 quod,
1176 1343 1386 1418 quaeeunque
1409 1349 1502 1398 mens
1525 1326 1645 1418 rideat,
1672 1327 1933 1426 nonpossitnel

268 1446 305 1519 in
327 1471 364 1520 se
384 1447 458 1546 ipsa
483 1454 518 1519 et
537 1453 703 1540 tanquam
722 1438 773 1511 sui
798 1438 941 1536 aliquam
961 1445 1089 1536 partem
1112 1439 1235 1513 mulcro.
1288 1440 1351 1515 Sie
1372 1467 1413 1515 cx
1428 1444 1603 1519 Platonico
1626 1447 1713 1521 dicto
1737 1449 1769 1521 ei
1794 1447 1934 1544 emergit

264 1567 439 1641 verissima
460 1565 634 1655 sententia,
658 1566 803 1634 mentem
825 1571 932 1655 (νοῦς)
955 1584 1020 1631 non
1043 1559 1203 1632 diversum
1224 1585 1298 1634 esse
1319 1587 1340 1634 a
1363 1564 1519 1660 cogitato,
1546 1591 1643 1665 quarn
1664 1569 1731 1641 iarn
1754 1567 1933 1641 aParms·

262 1668 343 1761 niele
356 1684 398 1782 ¹²)
423 1688 613 1776 indicatam,
640 1680 822 1778 expositam
838 1685 872 1750 et
893 1680 1056 1751 subtiliter
1070 1681 1267 1753 enuntiatam
1280 1684 1322 1753 ab
1338 1683 1521 1758 Aristotele
1534 1681 1574 1780 ¹⁴)
1600 1687 1781 1762 inuenerat.
1816 1687 1932 1761 'Men's

261 1807 368 1903 igitur
385 1808 472 1903 ipsa,
499 1812 658 1902 quatenus
675 1825 711 1872 sc
729 1821 868 1894 suasque
884 1798 1099 1893 cogitationes
1114 1800 1249 1909 cogitat,
1276 1810 1349 1874 erat
1364 1805 1543 1876 secundum
1558 1806 1726 1879 Plotinurn
1741 1807 1932 1904 primarium

167 2009 170 2013 ,
262 1924 353 1999 istud
380 1925 515 2017 animal,
541 1921 604 2021 quo
626 1921 723 1993 ideae
746 1926 884 1990 cunetae
906 1918 1131 2010 eontinentur3
1157 1920 1254 1992 simul
1269 1946 1346 1994 vero
1361 1924 1461 1995 etiarn
1475 1924 1538 1996 boe
1551 1924 1615 1996 eibi
1632 1926 1931 2021 cognovissemus·-

256 2051 330 2138 ‘tur,
356 2043 434 2143 quid
457 2045 546 2118 inter
568 2043 673 2117 rmum
696 2039 815 2112 mentis
837 2046 871 2111 et
893 2038 1125 2134 cogitationem
1146 2039 1293 2132 intersit3
1320 2044 1406 2141 quod
1420 2044 1507 2117 enirn
1521 2043 1632 2116 Plato
1638 2046 1776 2142 primum
1789 2053 1931 2119 mentem

264 2162 359 2247 itleas
385 2189 463 2238 suas
485 2164 651 2262 inspicere
673 2162 773 2252 dicat,
799 2159 851 2231 bis
875 2159 983 2230 verbis
1004 2168 1118 2232 censet
1139 2185 1212 2234 eum
1234 2162 1383 2237 indicare
1404 2165 1487 2237 uelle
1510 2165 1650 2262 quictem
1666 2165 1785 2238 mentis
1799 2164 1851 2237 sui
1866 2162 1931 2237 sibi
2026 2216 2032 2233 ,

259 2286 419 2359 consciae
441 2293 580 2374 statum3
606 2292 675 2356 turn
690 2279 775 2378 quod
789 2301 881 2351 mens
897 2277 1006 2350 meina
1021 2279 1227 2375 cogitaverit,
1250 2284 1409 2380 quomodo
1428 2285 1477 2357 ou·
1489 2286 1645 2358 sensibile
1662 2286 1726 2358 boc
1746 2285 1930 2359 universum

258 2402 386 2476 formas
407 2426 517 2474 rerum
539 2405 575 2471 in
594 2404 668 2495 ipsa
688 2402 830 2468 latentes
843 2395 1023 2464 transferre
1039 2399 1157 2488 possit,
1183 2399 1246 2468 bac
1262 2423 1299 2470 re
1315 2408 1408 2495 putat
1423 2403 1590 2472 aeternam
1609 2405 1833 2482 illam-ruentis
1851 2402 1931 2475 effl-

262 2517 391 2595 eacium
415 2526 592 2616 (ἐνέργεια,
617 2523 762 2612 κίνησις)
789 2509 985 2606 significari,
1021 2536 1105 2608 quae
1128 2521 1162 2585 et
1187 2513 1261 2610 ipsa
1285 2540 1351 2588 non
1372 2520 1457 2591 sita
1476 2527 1585 2591 mente
1605 2515 1798 2614 diuersa,·¹⁵)
1823 2521 1931 2595 itaut

258 2636 448 2713 ternionem
468 2637 574 2729 illurn,
601 2658 698 2732 quem
717 2631 752 2701 in
767 2638 876 2702 mente
891 2636 925 2702 et
938 2628 1047 2700 diuina
1063 2640 1097 2701 et
1111 2631 1254 2703 bumana
1264 2635 1375 2707 inesse
1390 2641 1598 2733 cognoverat,
1623 2641 1753 2733 mentis,
1780 2641 1928 2737 cogitati,

259 2756 483 2856 cogitationis,
511 2769 614 2853 (νοῦς,
638 2756 767 2850 νοητόν,
791 2757 924 2846 νόησις)
954 2748 1022 2819 iarn
1038 2747 1138 2821 Plato
1155 2751 1191 2821 ci
1207 2752 1314 2824 verbis
1329 2755 1398 2826 suis
1414 2764 1584 2852 spectasse
1608 2758 1767 2831 videatur.
1820 2758 1928 2833 sirus

259 2879 338 2953 liter
352 2877 467 2953 coslam
482 2876 558 2949 loco
570 2874 672 2947 utitur
685 2870 721 2939 in
736 2868 821 2939 libro
838 2866 879 2937 de
894 2866 1050 2958 numeris,
1077 2865 1182 2956 (Enn.
1198 2868 1266 2962 Vl,
1287 2871 1325 2963 6,
1351 2875 1428 2964 17.)
1452 2882 1491 2943 ut
1507 2875 1647 2967 evincat,
1673 2878 1796 2973 primas
1809 2901 1928 2952 nurne-

258 3022 372 3073 rorum
396 2998 547 3070 notiones
568 2993 635 3062 ianr
660 2988 702 3058 ab
724 2984 819 3056 initio
842 2984 877 3057 in
902 2993 1011 3056 mente
1035 2984 1150 3079 luisse,
1185 3012 1282 3084 quum
1303 2992 1522 3086 intelligibilis
1548 2993 1607 3066 ille
1630 2996 1780 3089 mundus,
1816 2998 1928 3094 quiet

259 3141 375 3191 omncs
396 3116 540 3186 omnium
564 3130 673 3180 rerum
694 3110 729 3176 et
750 3123 957 3175 numerorum
970 3102 1120 3175 notiones
1138 3110 1310 3202 complexu
1321 3133 1380 3180 suo
1398 3111 1577 3202 contineat,
1603 3136 1625 3183 s
1641 3113 1783 3188 Platone
1800 3116 1836 3188 in
1855 3117 1925 3190 Tii·

258 3256 355 3309 maco
379 3230 554 3321 indicatus,
579 3250 646 3298 non
665 3230 740 3320 post
762 3230 903 3293 mentem
926 3224 1070 3318 potuerit
1090 3224 1224 3318 exoriri,
1250 3226 1311 3299 sed
1333 3250 1464 3325 sernper
1486 3230 1584 3301 simul
1603 3254 1676 3333 curn
1690 3244 1798 3308 mente
1812 3235 1924 3331 luerit,

260 3354 381 3452 quippe
405 3350 503 3449 qui-a
522 3354 631 3421 mente
644 3366 710 3416 non
728 3342 772 3416 sit
787 3341 945 3432 diuersus,
970 3340 1029 3412 seul
1043 3365 1135 3414 mens
1150 3342 1224 3440 ipss
1239 3369 1260 3416 a
1275 3369 1311 3418 se
1329 3347 1475 3442 cogitata
1488 3356 1521 3420 et
1535 3360 1705 3448 percepta.
1721 3347 1763 3445 ¹⁸)
1813 3353 1925 3428 Prae·

257 3483 352 3548 terea
372 3471 434 3543 ille
453 3471 555 3542 rerba
579 3465 798 3539 alleruntura
820 3459 955 3533 Plotino
975 3458 1029 3552 Π,
1055 3459 1093 3555 9,
1122 3464 1158 3535 1.
1185 3462 1223 3537 e.
1250 3465 1364 3538 eodem
1383 3468 1546 3562 consilio,
1579 3478 1774 3544 utmentcm
1799 3497 1836 3546 se
1859 3474 1925 3549 sibi

258 3592 467 3668 obiicientem
490 3596 525 3661 et
549 3582 823 3681 contemplantem
848 3580 1025 3654 ‹lescmbat
1050 3620 1104 3640 -
1135 3580 1283 3659 Maxime
1307 3610 1384 3660 uero
1409 3587 1445 3661 in
1475 3586 1667 3664 definiendis
1689 3593 1849 3691 supremis
1865 3616 1925 3668 re·

294 3875 333 3946 υ)
350 3875 520 3932 Notisslmunr
538 3882 578 3930 est
592 3870 755 3927 Parmenidis
767 3870 887 3923 ellstums
1472 3916 1475 3919 Δ

359 3960 691 4025 νοῦνὸνὸἰςὶνοεῐντο
707 3957 755 4010 sal
771 3949 1060 4025 circummisso,
1076 3961 1161 4012 ms.
1177 3956 1302 4022 muto,
1318 3957 1360 4012 cni
1377 3957 1461 4014 simile
1477 3960 1555 4014 stl'ert
1572 3959 1692 4013 Plotium
1709 3958 1776 4014 Ean,-
1794 3959 1827 4027 V,
1848 3966 1873 4028 1,
1889 3967 1922 4017 02

254 4103 258 4112 ,
359 4044 390 4102 τὸ
411 4044 466 4118 yeip
482 4043 550 4099 αὐτὸ
570 4049 646 4100 νοεῖν
667 4042 769 4108 ἔςι(ν)
787 4059 815 4096 τε
837 4043 884 4096 ssi
907 4036 990 4108 εἶναι,
1015 4056 1038 4094 v.
1055 4045 1100 4119 40.v
1115 4041 1149 4096 K.
1167 4057 1275 4108 quorum
1293 4042 1418 4096 dictorum
1436 4046 1591 4111 gravitatem
1609 4045 1631 4095 si
1649 4045 1859 4113 perspexissent,
1877 4047 1921 4115 qul

359 4145 441 4199 nuper
457 4129 683 4184 domesticorum
700 4127 810 4180 decretis
827 4131 1010 4194 exposuerunt,
1033 4125 1126 4179 rectius
1145 4124 1256 4180 fortene
1272 4126 1353 4178 mults
1370 4126 1404 4181 de
1421 4127 1578 4181 Permesside
1595 4127 1801 4196 disputavissent.

297 4246 336 4318 ¹⁴)
353 4247 419 4304 Loci
431 4253 491 4301 suut
508 4247 609 4303 classici
627 4241 740 4311 metspb.
758 4242 805 4309 Xl,
822 4261 848 4312 p.
864 4245 924 4296 24⁹.
943 4242 987 4295 Br.
1005 4240 1104 4298 ταύτὸν
1125 4245 1191 4304 νοῦς
1212 4243 1262 4298 sal
1278 4238 1385 4312 νοητόν,
1410 4242 1487 4298 etde
1504 4244 1692 4311 snimslll,4.
1710 4244 1758 4300 ini
1776 4247 1832 4301 τῶν
1851 4236 1921 4302 isso

358 4331 427 4402 ὕλης
446 4329 478 4387 ri
498 4328 565 4386 αὐτό
587 4332 630 4395 ego
652 4329 738 4383 νοοῦν
757 4330 805 4382 ναὶ
823 4324 854 4382 sb
877 4323 1041 4398 νοούμενον.
1072 4326 1194 4383 minoen
1210 4343 1267 4384 rem
1283 4328 1403 4383 Plotinus
1419 4328 1597 4397 copiosissime
1614 4336 1711 4386 tmem
1726 4332 1754 4387 in
1770 4333 1837 4389 libre
1853 4333 1920 4407 περὶ

357 4420 416 4476 τοῖν
429 4418 606 4491 propaganis
617 4409 784 4480 ὑποςάοεων
798 4415 848 4468 sal
862 4415 918 4470 τῶν
930 4413 1067 4480 ἐπέκεινα,
1085 4413 1118 4479 V,
1135 4416 1162 4467 8.

296 4534 335 4604 ²⁶)
352 4537 442 4592 Locus
456 4535 555 4590 Plotini
571 4540 612 4590 est
628 4532 677 4600 lll,
694 4537 721 4598 9,
738 4535 762 4585 1.

295 4652 333 4722 ²⁶)
350 4654 380 4706 ln
396 4653 449 4705 tine
465 4653 557 4722 cepitis
574 4651 640 4705 baec
654 4650 732 4706 slleits
757 4646 809 4704 ouis
826 4643 916 4718 ἄλλος,
938 4645 970 4717 (ὅ
986 4651 1051 4710 νοῦς
1071 4647 1119 4702 ναὶ
1133 4642 1163 4725 sti
1181 4647 1297 4719 νοητόν)
1319 4647 1390 4706 ἀλλὰ
1411 4647 1501 4706 πάντα
1518 4649 1558 4719 ἓν,
1576 4650 1624 4706 sai
1640 4647 1657 4719 ἡ
1674 4644 1766 4718 νόησις
1782 4650 1918 4722 clipeatis

357 4736 415 4806 ἔχει
435 4743 569 4811 σφαῖραν,
586 4736 617 4791 τὸ
636 4736 668 4790 δὲ
690 4737 760 4798 ζῶον
779 4731 846 4798 imos
865 4740 982 4807 σφαῖρα,
1006 4735 1074 4802 (leg.
1094 4737 1235 4806 σφαῖραν)
1255 4738 1273 4789 i.
1293 4751 1316 4788 e.
1335 4738 1459 4803 cogitatio
1476 4738 1532 4804 ipss
1550 4735 1618 4787 num
1637 4744 1720 4800 esset,
1744 4738 1792 4790 uisi
1809 4740 1917 4794 materis

357 4821 545 4891 appetitores,
562 4822 597 4878 de
614 4836 668 4890 que
683 4820 914 4890 cogitassemus
929 4819 1066 4875 noterium
1082 4819 1239 4876 cosmetur
1255 4834 1285 4876 se
1301 4820 1385 4890 ipsun
1402 4829 1432 4875 us
1448 4821 1529 4876 nivern
1547 4826 1661 4877 mentem
1678 4821 1788 4878 intuens.
1870 4852 1873 4857 ·
1996 4818 2001 4826 '
