<?xml version="1.0" encoding="UTF-8"?>
<!DOCTYPE html PUBLIC "-//W3C//DTD XHTML 1.0 Transitional//EN"
    "http://www.w3.org/TR/xhtml1/DTD/xhtml1-transitional.dtd">
<html xmlns="http://www.w3.org/1999/xhtml" xml:lang="en" lang="en">
 <head>
  <title>
</title>
<meta http-equiv="Content-Type" content="text/html;charset=utf-8" />
  <meta name='ocr-system' content='tesseract 3.04.00' />
  <meta name='ocr-capabilities' content='ocr_page ocr_carea ocr_par ocr_line ocrx_word'/>
</head>
<body>
  <div class='ocr_page' id='page_1' title='image "./meletemataploti00germgoog_0008.png"; bbox 0 0 4334 5632; ppageno 0'>
   <div class='ocr_carea' id='block_1_1' title="bbox 205 2025 1997 2753">
    <p class='ocr_par' dir='ltr' id='par_1_1' title="bbox 205 2025 1997 2753">
     <span class='ocr_line' id='line_1_1' title="bbox 210 2025 1877 2170; baseline 0.001 -37"><span class='ocrx_word' id='word_1_1' title='bbox 210 2025 351 2170; x_wconf 60' lang='lat' dir='ltr'><strong>Quum</strong></span> <span class='ocrx_word' id='word_1_2' title='bbox 377 2065 454 2133; x_wconf 88' lang='lat' dir='ltr'><strong>anta</strong></span> <span class='ocrx_word' id='word_1_3' title='bbox 479 2058 540 2132; x_wconf 87' lang='lat' dir='ltr'><strong>hos</strong></span> <span class='ocrx_word' id='word_1_4' title='bbox 565 2055 716 2131; x_wconf 85' lang='lat' dir='ltr'><strong>undecim</strong></span> <span class='ocrx_word' id='word_1_5' title='bbox 743 2079 845 2129; x_wconf 86' lang='lat' dir='ltr'><strong>annos</strong></span> <span class='ocrx_word' id='word_1_6' title='bbox 865 2055 1005 2155; x_wconf 90' lang='lat' dir='ltr'><strong>primum</strong></span> <span class='ocrx_word' id='word_1_7' title='bbox 1021 2056 1062 2130; x_wconf 90' lang='lat' dir='ltr'><strong>ad</strong></span> <span class='ocrx_word' id='word_1_8' title='bbox 1079 2055 1249 2133; x_wconf 83' lang='lat' dir='ltr'><strong>historiam</strong></span> <span class='ocrx_word' id='word_1_9' title='bbox 1264 2053 1490 2156; x_wconf 74' lang='lat' dir='ltr'>philosophiae</span> <span class='ocrx_word' id='word_1_10' title='bbox 1507 2050 1755 2132; x_wconf 73' lang='lat' dir='ltr'><strong>Menandrinae</strong></span> <span class='ocrx_word' id='word_1_11' title='bbox 1774 2082 1877 2135; x_wconf 85' lang='lat' dir='ltr'><strong>enar·</strong></span> 
     </span>
     <span class='ocr_line' id='line_1_2' title="bbox 208 2158 1877 2276; baseline 0 -22"><span class='ocrx_word' id='word_1_12' title='bbox 208 2180 348 2255; x_wconf 82' lang='lat' dir='ltr'><strong>rendam</strong></span> <span class='ocrx_word' id='word_1_13' title='bbox 382 2181 524 2252; x_wconf 84' lang='lat' dir='ltr'><strong>animum</strong></span> <span class='ocrx_word' id='word_1_14' title='bbox 557 2158 751 2250; x_wconf 76' lang='lat' dir='ltr'><strong>adiecissem</strong></span> <span class='ocrx_word' id='word_1_15' title='bbox 784 2177 881 2273; x_wconf 86' lang='lat' dir='ltr'><strong>idque</strong></span> <span class='ocrx_word' id='word_1_16' title='bbox 908 2203 929 2248; x_wconf 91' lang='lat' dir='ltr'><strong>a</strong></span> <span class='ocrx_word' id='word_1_17' title='bbox 953 2202 1005 2249; x_wconf 83' lang='lat' dir='ltr'><strong>nro</strong></span> <span class='ocrx_word' id='word_1_18' title='bbox 1043 2204 1123 2276; x_wconf 89' lang='lat' dir='ltr'><strong>opus</strong></span> <span class='ocrx_word' id='word_1_19' title='bbox 1149 2178 1285 2251; x_wconf 88' lang='lat' dir='ltr'><strong>tractari</strong></span> <span class='ocrx_word' id='word_1_20' title='bbox 1310 2178 1345 2246; x_wconf 93' lang='lat' dir='ltr'><strong>in</strong></span> <span class='ocrx_word' id='word_1_21' title='bbox 1369 2176 1505 2266; x_wconf 91' lang='lat' dir='ltr'><strong>lihollo,</strong></span> <span class='ocrx_word' id='word_1_22' title='bbox 1539 2200 1634 2272; x_wconf 87' lang='lat' dir='ltr'><strong>quem</strong></span> <span class='ocrx_word' id='word_1_23' title='bbox 1659 2181 1877 2274; x_wconf 72' lang='lat' dir='ltr'><strong>praelusionis</strong></span> 
     </span>
     <span class='ocr_line' id='line_1_3' title="bbox 207 2293 1877 2392; baseline 0.001 -19"><span class='ocrx_word' id='word_1_24' title='bbox 207 2301 343 2373; x_wconf 90' lang='lat' dir='ltr'><strong>nomine</strong></span> <span class='ocrx_word' id='word_1_25' title='bbox 357 2299 397 2371; x_wconf 93' lang='lat' dir='ltr'><strong>de</strong></span> <span class='ocrx_word' id='word_1_26' title='bbox 423 2298 598 2370; x_wconf 90' lang='lat' dir='ltr'><strong>dialectiea</strong></span> <span class='ocrx_word' id='word_1_27' title='bbox 610 2297 737 2369; x_wconf 91' lang='lat' dir='ltr'><strong>Plotini</strong></span> <span class='ocrx_word' id='word_1_28' title='bbox 755 2296 889 2368; x_wconf 84' lang='lat' dir='ltr'><strong>rationo</strong></span> <span class='ocrx_word' id='word_1_29' title='bbox 915 2297 1047 2392; x_wconf 79' lang='lat' dir='ltr'><strong>scripsi,</strong></span> <span class='ocrx_word' id='word_1_30' title='bbox 1074 2296 1211 2385; x_wconf 84' lang='lat' dir='ltr'><strong>(Numh.</strong></span> <span class='ocrx_word' id='word_1_31' title='bbox 1230 2304 1263 2368; x_wconf 90' lang='lat' dir='ltr'><strong>et</strong></span> <span class='ocrx_word' id='word_1_32' title='bbox 1278 2295 1361 2367; x_wconf 85' lang='lat' dir='ltr'><strong>Hal.</strong></span> <span class='ocrx_word' id='word_1_33' title='bbox 1382 2293 1500 2388; x_wconf 78' lang='lat'>1829)</span> <span class='ocrx_word' id='word_1_34' title='bbox 1525 2294 1765 2390; x_wconf 83' lang='lat' dir='ltr'><strong>indicavissem,</strong></span> <span class='ocrx_word' id='word_1_35' title='bbox 1791 2302 1877 2376; x_wconf 86' lang='lat' dir='ltr'><strong>hene</strong></span> 
     </span>
     <span class='ocr_line' id='line_1_4' title="bbox 209 2412 1877 2512; baseline 0.002 -20"><span class='ocrx_word' id='word_1_36' title='bbox 209 2442 391 2509; x_wconf 87' lang='lat' dir='ltr'><strong>senseram,</strong></span> <span class='ocrx_word' id='word_1_37' title='bbox 417 2417 588 2511; x_wconf 80' lang='lat' dir='ltr'><strong>ingentem·</strong></span> <span class='ocrx_word' id='word_1_38' title='bbox 608 2413 834 2485; x_wconf 83' lang='lat' dir='ltr'><strong>difficultatum</strong></span> <span class='ocrx_word' id='word_1_39' title='bbox 859 2413 978 2483; x_wconf 90' lang='lat' dir='ltr'><strong>molem</strong></span> <span class='ocrx_word' id='word_1_40' title='bbox 1004 2413 1220 2510; x_wconf 82' lang='lat' dir='ltr'><strong>superandam</strong></span> <span class='ocrx_word' id='word_1_41' title='bbox 1243 2437 1329 2504; x_wconf 88' lang='lat' dir='ltr'><strong>esse,</strong></span> <span class='ocrx_word' id='word_1_42' title='bbox 1356 2413 1386 2482; x_wconf 90' lang='lat' dir='ltr'><strong>si</strong></span> <span class='ocrx_word' id='word_1_43' title='bbox 1411 2414 1483 2509; x_wconf 87' lang='lat' dir='ltr'><strong>quis</strong></span> <span class='ocrx_word' id='word_1_44' title='bbox 1502 2412 1537 2483; x_wconf 90' lang='lat' dir='ltr'><strong>in</strong></span> <span class='ocrx_word' id='word_1_45' title='bbox 1562 2416 1677 2512; x_wconf 84' lang='lat' dir='ltr'><strong>cainpo</strong></span> <span class='ocrx_word' id='word_1_46' title='bbox 1702 2417 1826 2493; x_wconf 90' lang='lat' dir='ltr'><strong>inculto</strong></span> <span class='ocrx_word' id='word_1_47' title='bbox 1841 2428 1877 2495; x_wconf 87' lang='lat' dir='ltr'><strong>ct</strong></span> 
     </span>
     <span class='ocr_line' id='line_1_5' title="bbox 205 2530 1877 2630; baseline 0.002 -21"><span class='ocrx_word' id='word_1_48' title='bbox 205 2538 283 2611; x_wconf 72' lang='lat' dir='ltr'><strong>lere</strong></span> <span class='ocrx_word' id='word_1_49' title='bbox 307 2535 476 2628; x_wconf 81' lang='lat' dir='ltr'><strong>incognito</strong></span> <span class='ocrx_word' id='word_1_50' title='bbox 504 2534 582 2603; x_wconf 81' lang='lat' dir='ltr'><strong>velit</strong></span> <span class='ocrx_word' id='word_1_51' title='bbox 606 2533 730 2626; x_wconf 86' lang='lat' dir='ltr'><strong>aliquid</strong></span> <span class='ocrx_word' id='word_1_52' title='bbox 756 2533 947 2620; x_wconf 89' lang='lat' dir='ltr'><strong>elaborare,</strong></span> <span class='ocrx_word' id='word_1_53' title='bbox 973 2530 1057 2623; x_wconf 91' lang='lat' dir='ltr'><strong>quod</strong></span> <span class='ocrx_word' id='word_1_54' title='bbox 1082 2557 1149 2602; x_wconf 91' lang='lat' dir='ltr'><strong>non</strong></span> <span class='ocrx_word' id='word_1_55' title='bbox 1175 2532 1217 2601; x_wconf 93' lang='lat' dir='ltr'><strong>ad</strong></span> <span class='ocrx_word' id='word_1_56' title='bbox 1241 2533 1425 2627; x_wconf 88' lang='lat' dir='ltr'><strong>praesentis</strong></span> <span class='ocrx_word' id='word_1_57' title='bbox 1449 2539 1575 2604; x_wconf 90' lang='lat' dir='ltr'><strong>tanturn</strong></span> <span class='ocrx_word' id='word_1_58' title='bbox 1600 2537 1757 2630; x_wconf 87' lang='lat' dir='ltr'><strong>temporis</strong></span> <span class='ocrx_word' id='word_1_59' title='bbox 1782 2563 1877 2614; x_wconf 88' lang='lat' dir='ltr'><strong>usum</strong></span> 
     </span>
     <span class='ocr_line' id='line_1_6' title="bbox 210 2646 1997 2753; baseline 0.002 -24"><span class='ocrx_word' id='word_1_60' title='bbox 210 2664 311 2753; x_wconf 81' lang='lat' dir='ltr'><strong>atque</strong></span> <span class='ocrx_word' id='word_1_61' title='bbox 336 2648 600 2740; x_wconf 84' lang='lat' dir='ltr'><strong>oblectationem,</strong></span> <span class='ocrx_word' id='word_1_62' title='bbox 627 2646 686 2720; x_wconf 89' lang='lat' dir='ltr'><strong>sed</strong></span> <span class='ocrx_word' id='word_1_63' title='bbox 713 2646 755 2719; x_wconf 90' lang='lat' dir='ltr'><strong>ad</strong></span> <span class='ocrx_word' id='word_1_64' title='bbox 779 2653 970 2745; x_wconf 86' lang='lat' dir='ltr'><strong>perpetuom</strong></span> <span class='ocrx_word' id='word_1_65' title='bbox 995 2647 1237 2743; x_wconf 88' lang='lat' dir='ltr'><strong>possessionem</strong></span> <span class='ocrx_word' id='word_1_66' title='bbox 1262 2658 1358 2745; x_wconf 88' lang='lat' dir='ltr'><strong>atque</strong></span> <span class='ocrx_word' id='word_1_67' title='bbox 1384 2649 1556 2722; x_wconf 75' lang='lat' dir='ltr'><strong>utilitatem</strong></span> <span class='ocrx_word' id='word_1_68' title='bbox 1583 2664 1804 2748; x_wconf 88' lang='lat' dir='ltr'><strong>comparatum</strong></span> <span class='ocrx_word' id='word_1_69' title='bbox 1818 2661 1875 2735; x_wconf 87' lang='lat' dir='ltr'><strong>sit.</strong></span> <span class='ocrx_word' id='word_1_70' title='bbox 1992 2687 1997 2699; x_wconf 93' lang='lat'>·</span> 
     </span>
    </p>
   </div>
   <div class='ocr_carea' id='block_1_2' title="bbox 210 2767 1877 2997">
    <p class='ocr_par' dir='ltr' id='par_1_2' title="bbox 210 2767 1877 2997">
     <span class='ocr_line' id='line_1_7' title="bbox 210 2767 1877 2875; baseline -0.004 -29"><span class='ocrx_word' id='word_1_71' title='bbox 210 2771 436 2870; x_wconf 77' lang='lat' dir='ltr'><strong>Susceperam</strong></span> <span class='ocrx_word' id='word_1_72' title='bbox 465 2769 553 2842; x_wconf 88' lang='lat' dir='ltr'><strong>enim</strong></span> <span class='ocrx_word' id='word_1_73' title='bbox 578 2793 659 2867; x_wconf 89' lang='lat' dir='ltr'><strong>opus</strong></span> <span class='ocrx_word' id='word_1_74' title='bbox 686 2767 820 2840; x_wconf 83' lang='lat' dir='ltr'><strong>anullo</strong></span> <span class='ocrx_word' id='word_1_75' title='bbox 845 2773 1097 2864; x_wconf 85' lang='lat' dir='ltr'><strong>praeparatum,</strong></span> <span class='ocrx_word' id='word_1_76' title='bbox 1132 2768 1224 2840; x_wconf 89' lang='lat' dir='ltr'><strong>euius</strong></span> <span class='ocrx_word' id='word_1_77' title='bbox 1259 2769 1359 2840; x_wconf 88' lang='lat' dir='ltr'><strong>etiam</strong></span> <span class='ocrx_word' id='word_1_78' title='bbox 1383 2768 1492 2841; x_wconf 79' lang='lat' dir='ltr'><strong>fontes</strong></span> <span class='ocrx_word' id='word_1_79' title='bbox 1518 2776 1574 2841; x_wconf 90' lang='lat' dir='ltr'><strong>ant</strong></span> <span class='ocrx_word' id='word_1_80' title='bbox 1597 2772 1736 2868; x_wconf 89' lang='lat' dir='ltr'><strong>primum</strong></span> <span class='ocrx_word' id='word_1_81' title='bbox 1762 2779 1877 2875; x_wconf 87' lang='lat' dir='ltr'><strong>aperi.</strong></span> 
     </span>
     <span class='ocr_line' id='line_1_8' title="bbox 210 2886 1873 2997; baseline 0.002 -32"><span class='ocrx_word' id='word_1_82' title='bbox 210 2892 289 2968; x_wconf 86' lang='lat' dir='ltr'><strong>endi</strong></span> <span class='ocrx_word' id='word_1_83' title='bbox 314 2897 409 2964; x_wconf 87' lang='lat' dir='ltr'><strong>erant</strong></span> <span class='ocrx_word' id='word_1_84' title='bbox 435 2896 492 2961; x_wconf 86' lang='lat' dir='ltr'><strong>aut</strong></span> <span class='ocrx_word' id='word_1_85' title='bbox 517 2889 668 2961; x_wconf 85' lang='lat' dir='ltr'><strong>sordibus</strong></span> <span class='ocrx_word' id='word_1_86' title='bbox 692 2886 872 2986; x_wconf 82' lang='lat' dir='ltr'><strong>purgandi3</strong></span> <span class='ocrx_word' id='word_1_87' title='bbox 897 2910 1008 2958; x_wconf 84' lang='lat' dir='ltr'><strong>serum</strong></span> <span class='ocrx_word' id='word_1_88' title='bbox 1033 2886 1166 2959; x_wconf 85' lang='lat' dir='ltr'><strong>iuvenili</strong></span> <span class='ocrx_word' id='word_1_89' title='bbox 1192 2886 1331 2984; x_wconf 88' lang='lat' dir='ltr'><strong>quodam</strong></span> <span class='ocrx_word' id='word_1_90' title='bbox 1347 2886 1464 2961; x_wconf 84' lang='lat' dir='ltr'><strong>a&#39;rdore</strong></span> <span class='ocrx_word' id='word_1_91' title='bbox 1489 2889 1706 2965; x_wconf 82' lang='lat' dir='ltr'><strong>irnhammatus</strong></span> <span class='ocrx_word' id='word_1_92' title='bbox 1724 2903 1758 2966; x_wconf 89' lang='lat' dir='ltr'><strong>et</strong></span> <span class='ocrx_word' id='word_1_93' title='bbox 1772 2922 1873 2997; x_wconf 83' lang='lat' dir='ltr'><strong>supra</strong></span> 
     </span>
    </p>
   </div>
   <div class='ocr_carea' id='block_1_3' title="bbox 210 2989 2068 3116">
    <p class='ocr_par' dir='ltr' id='par_1_3' title="bbox 210 2989 2068 3116">
     <span class='ocr_line' id='line_1_9' title="bbox 210 2989 2068 3116; baseline -0.006 -28"><span class='ocrx_word' id='word_1_94' title='bbox 210 3012 332 3106; x_wconf 84' lang='lat' dir='ltr'><strong>omnia,</strong></span> <span class='ocrx_word' id='word_1_95' title='bbox 359 3034 446 3109; x_wconf 88' lang='lat' dir='ltr'><strong>quae</strong></span> <span class='ocrx_word' id='word_1_96' title='bbox 471 3009 602 3106; x_wconf 89' lang='lat' dir='ltr'><strong>incepto</strong></span> <span class='ocrx_word' id='word_1_97' title='bbox 628 3033 701 3080; x_wconf 91' lang='lat' dir='ltr'><strong>meo</strong></span> <span class='ocrx_word' id='word_1_98' title='bbox 726 3006 913 3080; x_wconf 85' lang='lat' dir='ltr'><strong>viderentur</strong></span> <span class='ocrx_word' id='word_1_99' title='bbox 938 3006 1068 3079; x_wconf 86' lang='lat' dir='ltr'><strong>obstare</strong></span> <span class='ocrx_word' id='word_1_100' title='bbox 1094 3032 1206 3105; x_wconf 86' lang='lat' dir='ltr'><strong>posse,</strong></span> <span class='ocrx_word' id='word_1_101' title='bbox 1232 3007 1338 3079; x_wconf 87' lang='lat' dir='ltr'><strong>elatus</strong></span> <span class='ocrx_word' id='word_1_102' title='bbox 1363 3006 1407 3080; x_wconf 87' lang='lat' dir='ltr'><strong>ad</strong></span> <span class='ocrx_word' id='word_1_103' title='bbox 1430 3016 1554 3080; x_wconf 88' lang='lat' dir='ltr'><strong>tantum</strong></span> <span class='ocrx_word' id='word_1_104' title='bbox 1580 3036 1661 3108; x_wconf 93' lang='lat' dir='ltr'><strong>opus</strong></span> <span class='ocrx_word' id='word_1_105' title='bbox 1675 3019 1709 3084; x_wconf 92' lang='lat' dir='ltr'><strong>et</strong></span> <span class='ocrx_word' id='word_1_106' title='bbox 1727 3039 1876 3116; x_wconf 73' lang='lat' dir='ltr'><strong>praepa.</strong></span> <span class='ocrx_word' id='word_1_107' title='bbox 1999 3056 2002 3063; x_wconf 69' lang='grc'><strong>»</strong></span> <span class='ocrx_word' id='word_1_108' title='bbox 2062 2989 2068 3001; x_wconf 74' lang='grc'><em>’</em></span> 
     </span>
    </p>
   </div>
   <div class='ocr_carea' id='block_1_4' title="bbox 207 3126 1875 4068">
    <p class='ocr_par' dir='ltr' id='par_1_4' title="bbox 207 3126 1875 4068">
     <span class='ocr_line' id='line_1_10' title="bbox 207 3126 1874 3235; baseline 0.004 -29"><span class='ocrx_word' id='word_1_109' title='bbox 207 3133 345 3206; x_wconf 87' lang='lat' dir='ltr'><strong>randum</strong></span> <span class='ocrx_word' id='word_1_110' title='bbox 365 3137 398 3203; x_wconf 90' lang='lat' dir='ltr'><strong>et</strong></span> <span class='ocrx_word' id='word_1_111' title='bbox 422 3129 654 3227; x_wconf 89' lang='lat' dir='ltr'><strong>perficiendum</strong></span> <span class='ocrx_word' id='word_1_112' title='bbox 681 3128 762 3200; x_wconf 88' lang='lat' dir='ltr'><strong>satis</strong></span> <span class='ocrx_word' id='word_1_113' title='bbox 781 3152 833 3200; x_wconf 88' lang='lat' dir='ltr'><strong>mc</strong></span> <span class='ocrx_word' id='word_1_114' title='bbox 858 3126 980 3199; x_wconf 83' lang='lat' dir='ltr'><strong>viribus</strong></span> <span class='ocrx_word' id='word_1_115' title='bbox 1005 3127 1197 3200; x_wconf 89' lang='lat' dir='ltr'><strong>instructum</strong></span> <span class='ocrx_word' id='word_1_116' title='bbox 1221 3129 1389 3225; x_wconf 86' lang='lat' dir='ltr'><strong>putabam.</strong></span> <span class='ocrx_word' id='word_1_117' title='bbox 1440 3127 1523 3219; x_wconf 75' lang='lat' dir='ltr'><strong>Mon</strong></span> <span class='ocrx_word' id='word_1_118' title='bbox 1550 3138 1657 3202; x_wconf 89' lang='lat' dir='ltr'><strong>autem</strong></span> <span class='ocrx_word' id='word_1_119' title='bbox 1678 3132 1764 3207; x_wconf 89' lang='lat' dir='ltr'><strong>idern</strong></span> <span class='ocrx_word' id='word_1_120' title='bbox 1781 3138 1874 3235; x_wconf 87' lang='lat' dir='ltr'><strong>mihi,</strong></span> 
     </span>
     <span class='ocr_line' id='line_1_11' title="bbox 210 3242 1874 3355; baseline 0.005 -30"><span class='ocrx_word' id='word_1_121' title='bbox 210 3252 297 3353; x_wconf 86' lang='lat' dir='ltr'><strong>quod</strong></span> <span class='ocrx_word' id='word_1_122' title='bbox 329 3250 502 3347; x_wconf 81' lang='lat' dir='ltr'><strong>aliquando</strong></span> <span class='ocrx_word' id='word_1_123' title='bbox 527 3247 647 3353; x_wconf 85' lang='lat' dir='ltr'><strong>Lucae</strong></span> <span class='ocrx_word' id='word_1_124' title='bbox 673 3247 866 3338; x_wconf 83' lang='lat' dir='ltr'><strong>Holstenio,</strong></span> <span class='ocrx_word' id='word_1_125' title='bbox 901 3246 1023 3318; x_wconf 88' lang='lat' dir='ltr'><strong>accidit</strong></span> <span class='ocrx_word' id='word_1_126' title='bbox 1030 3296 1042 3337; x_wconf 91' lang='lat'><strong>,</strong></span> <span class='ocrx_word' id='word_1_127' title='bbox 1062 3242 1089 3341; x_wconf 90' lang='lat'><strong>¹)</strong></span> <span class='ocrx_word' id='word_1_128' title='bbox 1116 3247 1171 3346; x_wconf 91' lang='lat' dir='ltr'><strong>qui</strong></span> <span class='ocrx_word' id='word_1_129' title='bbox 1203 3272 1276 3319; x_wconf 91' lang='lat' dir='ltr'><strong>cum</strong></span> <span class='ocrx_word' id='word_1_130' title='bbox 1307 3246 1395 3319; x_wconf 89' lang='lat' dir='ltr'><strong>idem</strong></span> <span class='ocrx_word' id='word_1_131' title='bbox 1428 3273 1509 3346; x_wconf 95' lang='lat' dir='ltr'><strong>opus</strong></span> <span class='ocrx_word' id='word_1_132' title='bbox 1536 3247 1590 3320; x_wconf 93' lang='lat' dir='ltr'><strong>diu</strong></span> <span class='ocrx_word' id='word_1_133' title='bbox 1616 3252 1746 3326; x_wconf 90' lang='lat' dir='ltr'><strong>molitus</strong></span> <span class='ocrx_word' id='word_1_134' title='bbox 1772 3266 1874 3355; x_wconf 86' lang='lat' dir='ltr'><strong>esset,</strong></span> 
     </span>
     <span class='ocr_line' id='line_1_12' title="bbox 210 3367 1873 3477; baseline 0.003 -30"><span class='ocrx_word' id='word_1_135' title='bbox 210 3373 342 3448; x_wconf 88' lang='lat' dir='ltr'><strong>tandem</strong></span> <span class='ocrx_word' id='word_1_136' title='bbox 368 3369 530 3466; x_wconf 80' lang='lat' dir='ltr'><strong>cognouit,</strong></span> <span class='ocrx_word' id='word_1_137' title='bbox 558 3392 595 3441; x_wconf 87' lang='lat' dir='ltr'><strong>se</strong></span> <span class='ocrx_word' id='word_1_138' title='bbox 617 3367 783 3439; x_wconf 91' lang='lat' dir='ltr'><strong>minimam</strong></span> <span class='ocrx_word' id='word_1_139' title='bbox 808 3373 934 3438; x_wconf 86' lang='lat' dir='ltr'><strong>tantum</strong></span> <span class='ocrx_word' id='word_1_140' title='bbox 958 3390 1069 3438; x_wconf 89' lang='lat' dir='ltr'><strong>eorum</strong></span> <span class='ocrx_word' id='word_1_141' title='bbox 1094 3375 1240 3465; x_wconf 85' lang='lat' dir='ltr'><strong>partem,</strong></span> <span class='ocrx_word' id='word_1_142' title='bbox 1266 3391 1350 3466; x_wconf 90' lang='lat' dir='ltr'><strong>quac</strong></span> <span class='ocrx_word' id='word_1_143' title='bbox 1375 3367 1483 3440; x_wconf 91' lang='lat' dir='ltr'><strong>animo</strong></span> <span class='ocrx_word' id='word_1_144' title='bbox 1508 3371 1762 3465; x_wconf 84' lang='lat' dir='ltr'><strong>praemeditatus</strong></span> <span class='ocrx_word' id='word_1_145' title='bbox 1788 3387 1873 3477; x_wconf 87' lang='lat' dir='ltr'><strong>erat,</strong></span> 
     </span>
     <span class='ocr_line' id='line_1_13' title="bbox 209 3485 1875 3593; baseline 0.005 -30"><span class='ocrx_word' id='word_1_146' title='bbox 209 3491 371 3593; x_wconf 84' lang='lat' dir='ltr'><strong>perlicere</strong></span> <span class='ocrx_word' id='word_1_147' title='bbox 395 3489 554 3587; x_wconf 88' lang='lat' dir='ltr'><strong>potuisse.</strong></span> <span class='ocrx_word' id='word_1_148' title='bbox 606 3485 763 3560; x_wconf 79' lang='lat' dir='ltr'><strong>Intellexi</strong></span> <span class='ocrx_word' id='word_1_149' title='bbox 789 3487 896 3578; x_wconf 91' lang='lat' dir='ltr'><strong>enim,</strong></span> <span class='ocrx_word' id='word_1_150' title='bbox 923 3509 985 3558; x_wconf 92' lang='lat' dir='ltr'><strong>nec</strong></span> <span class='ocrx_word' id='word_1_151' title='bbox 1010 3493 1100 3558; x_wconf 89' lang='lat' dir='ltr'><strong>recte</strong></span> <span class='ocrx_word' id='word_1_152' title='bbox 1127 3489 1282 3583; x_wconf 79' lang='lat' dir='ltr'><strong>cognosci</strong></span> <span class='ocrx_word' id='word_1_153' title='bbox 1307 3511 1405 3584; x_wconf 89' lang='lat' dir='ltr'><strong>posse</strong></span> <span class='ocrx_word' id='word_1_154' title='bbox 1431 3487 1670 3586; x_wconf 85' lang='lat' dir='ltr'><strong>philosophiam</strong></span> <span class='ocrx_word' id='word_1_155' title='bbox 1694 3493 1785 3568; x_wconf 88' lang='lat' dir='ltr'><strong>illam</strong></span> <span class='ocrx_word' id='word_1_156' title='bbox 1809 3522 1875 3575; x_wconf 88' lang='lat' dir='ltr'><strong>nec</strong></span> 
     </span>
     <span class='ocr_line' id='line_1_14' title="bbox 212 3606 1874 3717; baseline 0.001 -29"><span class='ocrx_word' id='word_1_157' title='bbox 212 3611 368 3704; x_wconf 79' lang='lat' dir='ltr'><strong>describi,</strong></span> <span class='ocrx_word' id='word_1_158' title='bbox 394 3609 459 3681; x_wconf 89' lang='lat' dir='ltr'><strong>nisi</strong></span> <span class='ocrx_word' id='word_1_159' title='bbox 485 3631 598 3680; x_wconf 91' lang='lat' dir='ltr'><strong>omues</strong></span> <span class='ocrx_word' id='word_1_160' title='bbox 622 3606 871 3679; x_wconf 88' lang='lat' dir='ltr'><strong>Platonicorum</strong></span> <span class='ocrx_word' id='word_1_161' title='bbox 896 3606 973 3677; x_wconf 90' lang='lat' dir='ltr'><strong>libri</strong></span> <span class='ocrx_word' id='word_1_162' title='bbox 999 3606 1143 3698; x_wconf 88' lang='lat' dir='ltr'><strong>collecti,</strong></span> <span class='ocrx_word' id='word_1_163' title='bbox 1170 3608 1343 3700; x_wconf 90' lang='lat' dir='ltr'><strong>emendati,</strong></span> <span class='ocrx_word' id='word_1_164' title='bbox 1371 3608 1543 3704; x_wconf 80' lang='lat' dir='ltr'><strong>explicati,</strong></span> <span class='ocrx_word' id='word_1_165' title='bbox 1569 3609 1728 3686; x_wconf 91' lang='lat' dir='ltr'><strong>inunum</strong></span> <span class='ocrx_word' id='word_1_166' title='bbox 1754 3642 1874 3717; x_wconf 84' lang='lat' dir='ltr'><strong>eorpus</strong></span> 
     </span>
     <span class='ocr_line' id='line_1_15' title="bbox 208 3725 1873 3836; baseline 0.005 -33"><span class='ocrx_word' id='word_1_167' title='bbox 208 3730 383 3831; x_wconf 75' lang='lat' dir='ltr'><strong>compositi</strong></span> <span class='ocrx_word' id='word_1_168' title='bbox 402 3728 541 3818; x_wconf 85' lang='lat' dir='ltr'><strong>luerint3</strong></span> <span class='ocrx_word' id='word_1_169' title='bbox 566 3752 672 3824; x_wconf 81' lang='lat' dir='ltr'><strong>neque</strong></span> <span class='ocrx_word' id='word_1_170' title='bbox 693 3726 773 3798; x_wconf 90' lang='lat' dir='ltr'><strong>mihi</strong></span> <span class='ocrx_word' id='word_1_171' title='bbox 789 3725 1014 3799; x_wconf 83' lang='lat' dir='ltr'><strong>Asiaticorum</strong></span> <span class='ocrx_word' id='word_1_172' title='bbox 1039 3728 1242 3825; x_wconf 88' lang='lat' dir='ltr'><strong>populorum,</strong></span> <span class='ocrx_word' id='word_1_173' title='bbox 1268 3725 1423 3800; x_wconf 91' lang='lat' dir='ltr'><strong>Indorum</strong></span> <span class='ocrx_word' id='word_1_174' title='bbox 1449 3729 1638 3827; x_wconf 82' lang='lat' dir='ltr'><strong>praecipue,</strong></span> <span class='ocrx_word' id='word_1_175' title='bbox 1665 3733 1873 3836; x_wconf 86' lang='lat' dir='ltr'><strong>philosophia</strong></span> 
     </span>
     <span class='ocr_line' id='line_1_16' title="bbox 208 3846 1872 3954; baseline 0.002 -27"><span class='ocrx_word' id='word_1_176' title='bbox 208 3850 407 3949; x_wconf 86' lang='lat' dir='ltr'><strong>negligenda</strong></span> <span class='ocrx_word' id='word_1_177' title='bbox 432 3872 507 3921; x_wconf 89' lang='lat' dir='ltr'><strong>esse</strong></span> <span class='ocrx_word' id='word_1_178' title='bbox 531 3846 722 3940; x_wconf 83' lang='lat' dir='ltr'><strong>videbatur,</strong></span> <span class='ocrx_word' id='word_1_179' title='bbox 749 3849 842 3920; x_wconf 88' lang='lat' dir='ltr'><strong>euius</strong></span> <span class='ocrx_word' id='word_1_180' title='bbox 866 3846 1026 3942; x_wconf 82' lang='lat' dir='ltr'><strong>reliquiae</strong></span> <span class='ocrx_word' id='word_1_181' title='bbox 1051 3848 1150 3919; x_wconf 87' lang='lat' dir='ltr'><strong>etiam</strong></span> <span class='ocrx_word' id='word_1_182' title='bbox 1175 3871 1262 3921; x_wconf 93' lang='lat' dir='ltr'><strong>nnnc</strong></span> <span class='ocrx_word' id='word_1_183' title='bbox 1286 3847 1396 3919; x_wconf 83' lang='lat' dir='ltr'><strong>ferrea</strong></span> <span class='ocrx_word' id='word_1_184' title='bbox 1421 3849 1560 3947; x_wconf 89' lang='lat' dir='ltr'><strong>quadam</strong></span> <span class='ocrx_word' id='word_1_185' title='bbox 1584 3858 1682 3923; x_wconf 91' lang='lat' dir='ltr'><strong>nocte</strong></span> <span class='ocrx_word' id='word_1_186' title='bbox 1707 3863 1872 3954; x_wconf 84' lang='lat' dir='ltr'><strong>teguntur,</strong></span> 
     </span>
     <span class='ocr_line' id='line_1_17' title="bbox 207 3961 1873 4068; baseline 0.001 -23"><span class='ocrx_word' id='word_1_187' title='bbox 207 3973 245 4045; x_wconf 91' lang='lat' dir='ltr'><strong>in</strong></span> <span class='ocrx_word' id='word_1_188' title='bbox 271 3994 367 4068; x_wconf 84' lang='lat' dir='ltr'><strong>quarn</strong></span> <span class='ocrx_word' id='word_1_189' title='bbox 385 3968 440 4040; x_wconf 81' lang='lat' dir='ltr'><strong>rin</strong></span> <span class='ocrx_word' id='word_1_190' title='bbox 466 3968 634 4040; x_wconf 88' lang='lat' dir='ltr'><strong>doctorum</strong></span> <span class='ocrx_word' id='word_1_191' title='bbox 660 3966 859 4067; x_wconf 90' lang='lat' dir='ltr'><strong>quorundam</strong></span> <span class='ocrx_word' id='word_1_192' title='bbox 876 3966 1108 4038; x_wconf 88' lang='lat' dir='ltr'><strong>Britannorum</strong></span> <span class='ocrx_word' id='word_1_193' title='bbox 1134 3961 1289 4061; x_wconf 78' lang='lat' dir='ltr'><strong>studiis²)</strong></span> <span class='ocrx_word' id='word_1_194' title='bbox 1315 3990 1412 4039; x_wconf 86' lang='lat' dir='ltr'><strong>rarae</strong></span> <span class='ocrx_word' id='word_1_195' title='bbox 1437 3969 1572 4041; x_wconf 86' lang='lat' dir='ltr'><strong>orientis</strong></span> <span class='ocrx_word' id='word_1_196' title='bbox 1597 3969 1682 4044; x_wconf 91' lang='lat' dir='ltr'><strong>lucis</strong></span> <span class='ocrx_word' id='word_1_197' title='bbox 1707 3975 1873 4055; x_wconf 82' lang='lat' dir='ltr'><strong>scintillas</strong></span> 
     </span>
    </p>
   </div>
   <div class='ocr_carea' id='block_1_5' title="bbox 248 4218 1877 4549">
    <p class='ocr_par' dir='ltr' id='par_1_5' title="bbox 248 4218 1877 4549">
     <span class='ocr_line' id='line_1_18' title="bbox 248 4218 1872 4292; baseline 0.004 -14"><span class='ocrx_word' id='word_1_198' title='bbox 248 4222 273 4289; x_wconf 90' lang='lat'><strong>¹)</strong></span> <span class='ocrx_word' id='word_1_199' title='bbox 289 4223 377 4278; x_wconf 87' lang='lat' dir='ltr'><strong>Lucas</strong></span> <span class='ocrx_word' id='word_1_200' title='bbox 395 4219 561 4286; x_wconf 85' lang='lat' dir='ltr'><strong>Holsteoius,</strong></span> <span class='ocrx_word' id='word_1_201' title='bbox 585 4221 629 4286; x_wconf 86' lang='lat' dir='ltr'><strong>qui</strong></span> <span class='ocrx_word' id='word_1_202' title='bbox 647 4234 704 4273; x_wconf 84' lang='lat' dir='ltr'><strong>curn</strong></span> <span class='ocrx_word' id='word_1_203' title='bbox 722 4219 755 4272; x_wconf 83' lang='lat' dir='ltr'><strong>de</strong></span> <span class='ocrx_word' id='word_1_204' title='bbox 772 4220 841 4272; x_wconf 89' lang='lat' dir='ltr'><strong>ousnl</strong></span> <span class='ocrx_word' id='word_1_205' title='bbox 859 4220 1009 4285; x_wconf 84' lang='lat' dir='ltr'><strong>antiquitate</strong></span> <span class='ocrx_word' id='word_1_206' title='bbox 1026 4225 1080 4272; x_wconf 84' lang='lat' dir='ltr'><strong>sum</strong></span> <span class='ocrx_word' id='word_1_207' title='bbox 1098 4218 1132 4272; x_wconf 85' lang='lat' dir='ltr'><strong>da</strong></span> <span class='ocrx_word' id='word_1_208' title='bbox 1148 4218 1309 4288; x_wconf 85' lang='lat' dir='ltr'><strong>philosophia</strong></span> <span class='ocrx_word' id='word_1_209' title='bbox 1328 4218 1465 4274; x_wconf 83' lang='lat' dir='ltr'><strong>Platonica</strong></span> <span class='ocrx_word' id='word_1_210' title='bbox 1482 4221 1631 4276; x_wconf 88' lang='lat' dir='ltr'><strong>illustranda</strong></span> <span class='ocrx_word' id='word_1_211' title='bbox 1648 4226 1745 4292; x_wconf 88' lang='lat' dir='ltr'><strong>optime</strong></span> <span class='ocrx_word' id='word_1_212' title='bbox 1762 4230 1872 4285; x_wconf 87' lang='lat' dir='ltr'><strong>meritus</strong></span> 
     </span>
     <span class='ocr_line' id='line_1_19' title="bbox 294 4304 1872 4373; baseline 0.006 -16"><span class='ocrx_word' id='word_1_213' title='bbox 294 4314 344 4373; x_wconf 85' lang='lat' dir='ltr'><strong>est,</strong></span> <span class='ocrx_word' id='word_1_214' title='bbox 361 4307 387 4359; x_wconf 91' lang='lat' dir='ltr'><strong>in</strong></span> <span class='ocrx_word' id='word_1_215' title='bbox 405 4304 516 4371; x_wconf 73' lang='lat' dir='ltr'><strong>epistole</strong></span> <span class='ocrx_word' id='word_1_216' title='bbox 532 4305 565 4356; x_wconf 87' lang='lat' dir='ltr'><strong>ad</strong></span> <span class='ocrx_word' id='word_1_217' title='bbox 579 4304 737 4356; x_wconf 73' lang='lat' dir='ltr'><strong>Petrensium</strong></span> <span class='ocrx_word' id='word_1_218' title='bbox 754 4305 810 4371; x_wconf 88' lang='lat' dir='ltr'><strong>(ep.</strong></span> <span class='ocrx_word' id='word_1_219' title='bbox 828 4304 870 4357; x_wconf 88' lang='lat' dir='ltr'><strong>ad.</strong></span> <span class='ocrx_word' id='word_1_220' title='bbox 888 4304 937 4356; x_wconf 86' lang='lat' dir='ltr'><strong>dis.</strong></span> <span class='ocrx_word' id='word_1_221' title='bbox 957 4322 981 4373; x_wconf 88' lang='lat' dir='ltr'><strong>p.</strong></span> <span class='ocrx_word' id='word_1_222' title='bbox 1001 4307 1057 4356; x_wconf 76' lang='lat'><strong>124.</strong></span> <span class='ocrx_word' id='word_1_223' title='bbox 1075 4304 1116 4357; x_wconf 85' lang='lat' dir='ltr'><strong>ed.</strong></span> <span class='ocrx_word' id='word_1_224' title='bbox 1131 4304 1310 4373; x_wconf 82' lang='lat' dir='ltr'><strong>Bolssenade)</strong></span> <span class='ocrx_word' id='word_1_225' title='bbox 1328 4306 1450 4371; x_wconf 84' lang='lat' dir='ltr'><strong>queritur,</strong></span> <span class='ocrx_word' id='word_1_226' title='bbox 1467 4308 1527 4371; x_wconf 88' lang='lat' dir='ltr'><strong>sibi,</strong></span> <span class='ocrx_word' id='word_1_227' title='bbox 1543 4322 1601 4361; x_wconf 88' lang='lat' dir='ltr'><strong>eum</strong></span> <span class='ocrx_word' id='word_1_228' title='bbox 1615 4308 1648 4360; x_wconf 90' lang='lat' dir='ltr'><strong>da</strong></span> <span class='ocrx_word' id='word_1_229' title='bbox 1666 4315 1721 4361; x_wconf 87' lang='lat' dir='ltr'><strong>tota</strong></span> <span class='ocrx_word' id='word_1_230' title='bbox 1734 4310 1872 4371; x_wconf 79' lang='lat' dir='ltr'><strong>Platonica</strong></span> 
     </span>
     <span class='ocr_line' id='line_1_20' title="bbox 294 4386 1877 4468; baseline 0.005 -26"><span class='ocrx_word' id='word_1_231' title='bbox 294 4390 415 4446; x_wconf 85' lang='lat' dir='ltr'><strong>doctrina</strong></span> <span class='ocrx_word' id='word_1_232' title='bbox 432 4386 466 4440; x_wconf 87' lang='lat' dir='ltr'><strong>ad</strong></span> <span class='ocrx_word' id='word_1_233' title='bbox 490 4388 624 4439; x_wconf 84' lang='lat' dir='ltr'><strong>clariorem</strong></span> <span class='ocrx_word' id='word_1_234' title='bbox 644 4395 671 4440; x_wconf 89' lang='lat' dir='ltr'><strong>st</strong></span> <span class='ocrx_word' id='word_1_235' title='bbox 687 4388 826 4441; x_wconf 77' lang='lat' dir='ltr'><strong>faciliorem</strong></span> <span class='ocrx_word' id='word_1_236' title='bbox 843 4388 948 4441; x_wconf 86' lang='lat' dir='ltr'><strong>modum</strong></span> <span class='ocrx_word' id='word_1_237' title='bbox 965 4390 1131 4456; x_wconf 80' lang='lat' dir='ltr'><strong>ordinemque</strong></span> <span class='ocrx_word' id='word_1_238' title='bbox 1159 4390 1292 4443; x_wconf 85' lang='lat' dir='ltr'><strong>ssceands</strong></span> <span class='ocrx_word' id='word_1_239' title='bbox 1315 4390 1495 4456; x_wconf 72' lang='lat' dir='ltr'><strong>cogitavisset,</strong></span> <span class='ocrx_word' id='word_1_240' title='bbox 1521 4399 1613 4460; x_wconf 84' lang='lat' dir='ltr'><strong>postea</strong></span> <span class='ocrx_word' id='word_1_241' title='bbox 1636 4402 1784 4464; x_wconf 83' lang='lat' dir='ltr'><strong>susceptum</strong></span> <span class='ocrx_word' id='word_1_242' title='bbox 1801 4406 1877 4468; x_wconf 80' lang='lat' dir='ltr'><strong>opns&#39;</strong></span> 
     </span>
     <span class='ocr_line' id='line_1_21' title="bbox 293 4471 1868 4549; baseline 0.003 -20"><span class='ocrx_word' id='word_1_243' title='bbox 293 4482 324 4529; x_wconf 86' lang='grc' dir='ltr'><strong>ιιι</strong></span> <span class='ocrx_word' id='word_1_244' title='bbox 341 4474 414 4528; x_wconf 86' lang='lat' dir='ltr'><strong>nimis</strong></span> <span class='ocrx_word' id='word_1_245' title='bbox 428 4472 535 4527; x_wconf 78' lang='lat' dir='ltr'><strong>arduum</strong></span> <span class='ocrx_word' id='word_1_246' title='bbox 552 4471 719 4525; x_wconf 80' lang='lat' dir='ltr'><strong>omittendum</strong></span> <span class='ocrx_word' id='word_1_247' title='bbox 737 4472 824 4525; x_wconf 83' lang='lat' dir='ltr'><strong>tuisse.</strong></span> <span class='ocrx_word' id='word_1_248' title='bbox 859 4473 944 4525; x_wconf 79' lang='lat' dir='ltr'><strong>Atl&#39;ert</strong></span> <span class='ocrx_word' id='word_1_249' title='bbox 960 4474 1014 4525; x_wconf 86' lang='lat' dir='ltr'><strong>eius</strong></span> <span class='ocrx_word' id='word_1_250' title='bbox 1032 4475 1110 4528; x_wconf 84' lang='lat' dir='ltr'><strong>verba</strong></span> <span class='ocrx_word' id='word_1_251' title='bbox 1122 4474 1268 4528; x_wconf 81' lang='lat' dir='ltr'><strong>creuserus</strong></span> <span class='ocrx_word' id='word_1_252' title='bbox 1280 4476 1305 4527; x_wconf 88' lang='lat' dir='ltr'><strong>in</strong></span> <span class='ocrx_word' id='word_1_253' title='bbox 1323 4476 1441 4543; x_wconf 75' lang='lat' dir='ltr'><strong>prolegg.</strong></span> <span class='ocrx_word' id='word_1_254' title='bbox 1458 4475 1553 4529; x_wconf 75' lang='lat' dir='ltr'><strong>literar.</strong></span> <span class='ocrx_word' id='word_1_255' title='bbox 1569 4476 1603 4530; x_wconf 84' lang='lat' dir='ltr'><strong>de</strong></span> <span class='ocrx_word' id='word_1_256' title='bbox 1619 4476 1724 4532; x_wconf 85' lang='lat' dir='ltr'><strong>Plotina</strong></span> <span class='ocrx_word' id='word_1_257' title='bbox 1740 4497 1765 4549; x_wconf 93' lang='lat' dir='ltr'><strong>p.</strong></span> <span class='ocrx_word' id='word_1_258' title='bbox 1782 4481 1868 4541; x_wconf 81' lang='lat' dir='ltr'>XXX.</span> 
     </span>
    </p>
   </div>
   <div class='ocr_carea' id='block_1_6' title="bbox 246 4570 1869 4899">
    <p class='ocr_par' dir='ltr' id='par_1_6' title="bbox 246 4570 1869 4899">
     <span class='ocr_line' id='line_1_22' title="bbox 246 4570 1869 4646; baseline 0.006 -14"><span class='ocrx_word' id='word_1_259' title='bbox 246 4575 275 4646; x_wconf 78' lang='lat'><strong>²)</strong></span> <span class='ocrx_word' id='word_1_260' title='bbox 290 4574 468 4632; x_wconf 73' lang='lat' dir='ltr'><strong>Nominandus</strong></span> <span class='ocrx_word' id='word_1_261' title='bbox 484 4581 528 4626; x_wconf 82' lang='lat' dir='ltr'><strong>est</strong></span> <span class='ocrx_word' id='word_1_262' title='bbox 542 4588 605 4641; x_wconf 86' lang='lat' dir='ltr'><strong>pres</strong></span> <span class='ocrx_word' id='word_1_263' title='bbox 622 4573 717 4626; x_wconf 85' lang='lat' dir='ltr'><strong>ceteris</strong></span> <span class='ocrx_word' id='word_1_264' title='bbox 734 4572 769 4625; x_wconf 81' lang='lat' dir='ltr'><strong>ll.</strong></span> <span class='ocrx_word' id='word_1_265' title='bbox 788 4570 839 4625; x_wconf 86' lang='lat' dir='ltr'><strong>Th.</strong></span> <span class='ocrx_word' id='word_1_266' title='bbox 856 4573 1029 4640; x_wconf 80' lang='lat' dir='ltr'><strong>Colehseoke,</strong></span> <span class='ocrx_word' id='word_1_267' title='bbox 1048 4592 1088 4629; x_wconf 90' lang='lat' dir='ltr'><strong>on</strong></span> <span class='ocrx_word' id='word_1_268' title='bbox 1105 4574 1162 4629; x_wconf 86' lang='lat' dir='ltr'><strong>the</strong></span> <span class='ocrx_word' id='word_1_269' title='bbox 1180 4574 1387 4644; x_wconf 81' lang='lat' dir='ltr'><strong>philosophy</strong></span> <span class='ocrx_word' id='word_1_270' title='bbox 1405 4576 1442 4630; x_wconf 85' lang='lat' dir='ltr'><strong>ot</strong></span> <span class='ocrx_word' id='word_1_271' title='bbox 1454 4575 1510 4630; x_wconf 85' lang='lat' dir='ltr'><strong>the</strong></span> <span class='ocrx_word' id='word_1_272' title='bbox 1526 4577 1671 4641; x_wconf 79' lang='lat' dir='ltr'><strong>iliados,</strong></span> <span class='ocrx_word' id='word_1_273' title='bbox 1689 4583 1733 4646; x_wconf 86' lang='lat' dir='ltr'><strong>qni</strong></span> <span class='ocrx_word' id='word_1_274' title='bbox 1750 4582 1775 4636; x_wconf 91' lang='lat' dir='ltr'><strong>la</strong></span> <span class='ocrx_word' id='word_1_275' title='bbox 1794 4601 1869 4640; x_wconf 83' lang='lat' dir='ltr'><strong>eonn-</strong></span> 
     </span>
     <span class='ocr_line' id='line_1_23' title="bbox 293 4657 1868 4733; baseline 0.001 -20"><span class='ocrx_word' id='word_1_276' title='bbox 293 4660 425 4714; x_wconf 81' lang='lat' dir='ltr'><strong>naentariis</strong></span> <span class='ocrx_word' id='word_1_277' title='bbox 441 4659 576 4712; x_wconf 88' lang='lat' dir='ltr'><strong>societatis</strong></span> <span class='ocrx_word' id='word_1_278' title='bbox 593 4658 683 4724; x_wconf 75' lang='lat' dir='ltr'><strong>regiae</strong></span> <span class='ocrx_word' id='word_1_279' title='bbox 701 4657 831 4710; x_wconf 79' lang='lat' dir='ltr'><strong>Asiaticae</strong></span> <span class='ocrx_word' id='word_1_280' title='bbox 848 4660 907 4711; x_wconf 88' lang='lat' dir='ltr'><strong>anni</strong></span> <span class='ocrx_word' id='word_1_281' title='bbox 925 4663 993 4712; x_wconf 73' lang='lat'><strong>1824</strong></span> <span class='ocrx_word' id='word_1_282' title='bbox 1015 4661 1077 4725; x_wconf 85' lang='lat' dir='ltr'><strong>(vol.</strong></span> <span class='ocrx_word' id='word_1_283' title='bbox 1095 4659 1116 4712; x_wconf 94' lang='lat' dir='ltr'><strong>l.</strong></span> <span class='ocrx_word' id='word_1_284' title='bbox 1135 4668 1202 4729; x_wconf 74' lang='lat' dir='ltr'><strong>part</strong></span> <span class='ocrx_word' id='word_1_285' title='bbox 1219 4662 1253 4727; x_wconf 86' lang='lat'><strong>1.)</strong></span> <span class='ocrx_word' id='word_1_286' title='bbox 1272 4661 1352 4715; x_wconf 90' lang='lat' dir='ltr'><strong>libros</strong></span> <span class='ocrx_word' id='word_1_287' title='bbox 1369 4662 1435 4714; x_wconf 87' lang='lat' dir='ltr'><strong>duos</strong></span> <span class='ocrx_word' id='word_1_288' title='bbox 1451 4661 1573 4715; x_wconf 90' lang='lat' dir='ltr'><strong>ludorum</strong></span> <span class='ocrx_word' id='word_1_289' title='bbox 1590 4661 1802 4733; x_wconf 79' lang='lat' dir='ltr'><strong>philosophorum</strong></span> <span class='ocrx_word' id='word_1_290' title='bbox 1818 4686 1868 4726; x_wconf 73' lang='lat' dir='ltr'><strong>ax.</strong></span> 
     </span>
     <span class='ocr_line' id='line_1_24' title="bbox 295 4740 1866 4817; baseline 0.009 -19"><span class='ocrx_word' id='word_1_291' title='bbox 295 4744 409 4812; x_wconf 82' lang='lat' dir='ltr'><strong>eerpslt;</strong></span> <span class='ocrx_word' id='word_1_292' title='bbox 435 4759 488 4809; x_wconf 87' lang='lat' dir='ltr'><strong>quo</strong></span> <span class='ocrx_word' id='word_1_293' title='bbox 507 4758 540 4796; x_wconf 84' lang='lat' dir='ltr'><strong>ex</strong></span> <span class='ocrx_word' id='word_1_294' title='bbox 565 4740 636 4796; x_wconf 82' lang='lat' dir='ltr'><strong>touta</strong></span> <span class='ocrx_word' id='word_1_295' title='bbox 653 4740 737 4794; x_wconf 81' lang='lat' dir='ltr'><strong>hausit</strong></span> <span class='ocrx_word' id='word_1_296' title='bbox 755 4741 896 4812; x_wconf 71' lang='lat' dir='ltr'><strong>Hegelios,</strong></span> <span class='ocrx_word' id='word_1_297' title='bbox 921 4758 990 4811; x_wconf 84' lang='lat' dir='ltr'><strong>quas</strong></span> <span class='ocrx_word' id='word_1_298' title='bbox 1008 4743 1041 4798; x_wconf 86' lang='lat' dir='ltr'><strong>de</strong></span> <span class='ocrx_word' id='word_1_299' title='bbox 1058 4742 1107 4798; x_wconf 90' lang='lat' dir='ltr'><strong>lsae</strong></span> <span class='ocrx_word' id='word_1_300' title='bbox 1124 4743 1285 4815; x_wconf 87' lang='lat' dir='ltr'><strong>philosophia</strong></span> <span class='ocrx_word' id='word_1_301' title='bbox 1302 4749 1409 4817; x_wconf 72' lang='lat' dir='ltr'><strong>egregie</strong></span> <span class='ocrx_word' id='word_1_302' title='bbox 1426 4745 1540 4816; x_wconf 86' lang='lat' dir='ltr'><strong>disputat</strong></span> <span class='ocrx_word' id='word_1_303' title='bbox 1554 4748 1580 4801; x_wconf 90' lang='lat' dir='ltr'><strong>in</strong></span> <span class='ocrx_word' id='word_1_304' title='bbox 1599 4751 1733 4817; x_wconf 71' lang='lat' dir='ltr'><strong>praeleett.</strong></span> <span class='ocrx_word' id='word_1_305' title='bbox 1757 4753 1791 4810; x_wconf 85' lang='lat' dir='ltr'><strong>ds</strong></span> <span class='ocrx_word' id='word_1_306' title='bbox 1806 4754 1866 4812; x_wconf 85' lang='lat' dir='ltr'><strong>hist.</strong></span> 
     </span>
     <span class='ocr_line' id='line_1_25' title="bbox 293 4827 757 4899; baseline -0.002 -17"><span class='ocrx_word' id='word_1_307' title='bbox 293 4827 353 4899; x_wconf 86' lang='lat' dir='ltr'><strong>phlt.</strong></span> <span class='ocrx_word' id='word_1_308' title='bbox 371 4845 430 4897; x_wconf 86' lang='lat' dir='ltr'><strong>opp.</strong></span> <span class='ocrx_word' id='word_1_309' title='bbox 449 4827 501 4882; x_wconf 79' lang='lat' dir='ltr'><strong>rel.</strong></span> <span class='ocrx_word' id='word_1_310' title='bbox 518 4831 558 4881; x_wconf 78' lang='lat'><strong>1³.</strong></span> <span class='ocrx_word' id='word_1_311' title='bbox 577 4843 602 4895; x_wconf 86' lang='lat' dir='ltr'><strong>p.</strong></span> <span class='ocrx_word' id='word_1_312' title='bbox 622 4828 757 4881; x_wconf 61' lang='lat'><strong>145468.</strong></span> 
     </span>
    </p>
   </div>
   <div class='ocr_carea' id='block_1_7' title="bbox 1614 4920 1635 4981">
    <p class='ocr_par' dir='ltr' id='par_1_7' title="bbox 1614 4920 1635 4981">
     <span class='ocr_line' id='line_1_26' title="bbox 1614 4920 1635 4981; baseline 0 0"><span class='ocrx_word' id='word_1_313' title='bbox 1614 4920 1635 4981; x_wconf 89' lang='lat'>1</span> 
     </span>
    </p>
   </div>
   <div class='ocr_carea' id='block_1_8' title="bbox 0 0 2172 5632">
    <p class='ocr_par' dir='ltr' id='par_1_8' title="bbox 0 0 2172 5632">
     <span class='ocr_line' id='line_1_27' title="bbox 0 0 2172 5632; baseline 0 3"><span class='ocrx_word' id='word_1_314' title='bbox 0 0 2172 5632; x_wconf 95' lang='lat' dir='ltr'><strong> </strong></span> 
     </span>
    </p>
   </div>
  </div>
 </body>
</html>
