4386 5618
212 637 436 742 opinarentur.
488 636 638 714 Instituit
656 636 757 735 igitur
770 634 924 709 Plotinae
945 632 1130 725 ostendere,
1157 630 1298 705 animam
1321 656 1387 706 nou
1409 655 1483 708 esse
1505 659 1526 708 a
1548 643 1657 713 ruente
1669 638 1829 717 dimlsam
1844 649 1879 720 ot

201 784 287 841 sere
312 762 486 853 diversam,
512 760 572 833 sed
596 758 778 832 efficaciam
802 756 895 828 illam
918 777 993 827 esse
1017 754 1137 825 meotis
1161 755 1396 847 necessariam,
1422 780 1506 853 quae
1529 768 1732 855 manatura,
1759 789 1819 837 sua
1833 763 1879 858 ri,

203 904 272 957 ιο
286 889 379 956 motu
392 888 495 955 taam
515 905 624 954 rerum
637 879 881 953 universitatem
895 883 929 948 et
942 875 1057 972 gigaat
1071 879 1105 946 et
1118 872 1233 947 formis
1248 877 1328 949 viris
1340 876 1488 974 repleat;
1512 880 1721 975 quamobrem
1742 883 1785 955 ad
1800 884 1880 955 aui·

82 1082 86 1091 .
203 1024 287 1075 -mae
302 1026 345 1075 ex
362 1010 471 1075 mento
493 1002 621 1100 inipso
642 1000 704 1074 deo
729 1000 889 1097 originem
906 994 1089 1091 adscendit,
1116 995 1253 1089 atinde,
1278 1004 1451 1094 postquam
1464 996 1555 1090 vidit,
1581 1007 1721 1073 montem
1736 1003 1877 1077 divinam
1955 1047 1961 1069 ,ι

155 1106 160 1117 ’
207 1119 285 1196 ueri
301 1121 455 1215 animam,
481 1123 677 1220 simulatque
697 1120 807 1194 adres
822 1119 969 1214 singulas
986 1111 1176 1189 efficiendas
1195 1117 1436 1214 progrediatur,
1461 1117 1591 1190 minae
1609 1142 1737 1218 quoque
1758 1104 1890 1198 huma.

211 1262 277 1316 rrae
290 1250 441 1317 naturam
457 1243 627 1340 explicare
642 1241 776 1316 studuit.
817 1240 914 1333 Quod
930 1239 979 1309 ita
990 1236 1083 1328 iecit,
1108 1242 1146 1308 ut
1162 1237 1261 1309 etiam
1276 1237 1429 1330 animam
1456 1262 1540 1335 quae
1555 1261 1577 1310 a
1590 1249 1699 1314 mente
1713 1241 1895 1318 illustrata

75 1347 96 1364 ’
201 1359 255 1436 de
269 1362 407 1460 singulis
430 1364 529 1446 rebus
551 1363 685 1461 cogitet,
711 1383 884 1459 acorpore
900 1357 1120 1456 separabilem
1132 1379 1207 1429 esse
1224 1355 1414 1451 affirmaret,
1440 1364 1486 1450 et,
1513 1382 1596 1455 quae
1611 1359 1813 1436 Aristoteles
1835 1362 1878 1438 do
1967 1433 1970 1439 .

211 1507 296 1582 pura
307 1483 603 1577 menteldoeuerat,
629 1483 671 1556 de
687 1483 797 1555 minna
813 1502 941 1579 quoque
954 1479 1083 1551 ratione
1096 1477 1249 1576 praedita
1262 1477 1433 1549 dicendum
1451 1502 1525 1551 esse
1539 1476 1745 1571 ostenderet3
1759 1477 1811 1577 ¹²³)
1827 1483 1879 1558 sio

124 1648 131 1660 =
202 1609 248 1676 -ot
263 1603 383 1677 mentis
402 1610 437 1676 et
450 1604 579 1679 aninmo
594 1601 871 1677 immortalitatem
884 1600 947 1673 sibi
962 1600 1132 1673 videbatur
1145 1596 1227 1671 satis
1251 1595 1537 1692 demonstravisse,
1563 1622 1661 1696 quum
1679 1602 1785 1673 altera
1805 1604 1879 1678 sino

202 1722 319 1796 ‚altera
340 1727 515 1820 numquam
537 1748 611 1796 esse
626 1724 767 1821 possit.-
796 1719 869 1797 Sed
882 1744 989 1818 neque
1003 1720 1138 1793 Plotium
1151 1718 1300 1814 contigit,
1326 1725 1363 1790 ut
1382 1718 1546 1817 duplicem
1566 1719 1705 1793 leminis
1726 1730 1878 1797 uammrrr

204 1841 255 1913 -ad
269 1864 380 1938 reram
392 1843 524 1915 omnino
540 1843 749 1917 concordiam
762 1848 952 1933 revocaret3
977 1865 1053 1913 nam
1067 1864 1166 1938 quum
1179 1838 1380 1912 Aristoteles
1391 1863 1491 1938 sopra
1506 1840 1648 1912 animam
1658 1835 1799 1915 mentem
1814 1866 1880 1916 ex·
1912 1820 1921 1836 ’

134 2012 139 2017 -
210 1960 353 2053 tulisset,
378 1961 451 2060 ipse
471 1964 667 2037 rationalem
690 1964 832 2037 animam
850 1964 893 2035 ab
912 1959 1181 2034 animainieriori
1203 1960 1273 2032 sire
1299 1959 1391 2030 vitali
1404 1959 1473 2032 sive
1494 1960 1656 2033 sentiendi
1671 1962 1703 2032 vi
1718 1961 1881 2039 nonnata

214 2080 358 2154 discerni
381 2083 483 2155 voluit
502 2092 536 2154 et
556 2085 649 2157 illam
674 2082 788 2175 menti,
822 2081 908 2154 lano
936 2082 1066 2179 corpori
1081 2080 1229 2178 proxime
1250 2078 1429 2151 adlraercre
1450 2079 1658 2171 existimarit,
1684 2081 1732 2153 ita
1757 2092 1794 2154 ut
1812 2083 1890 2156 iana

212 2200 318 2299 ipsius
330 2201 459 2274 animae
471 2210 590 2275 ustura
605 2203 640 2274 iu
655 2203 736 2274 duas
750 2202 895 2273 diremas
907 2210 1019 2298 partes
1034 2201 1205 2273 discedere
1226 2199 1407 2287 rideretur3
1433 2222 1530 2295 qaam
1544 2198 1771 2273 difficultatem
1785 2203 1879 2278 oolla

210 2318 308 2393 modo
331 2319 458 2393 soluere
485 2323 609 2418 potuit,
644 2321 723 2418 quia
747 2344 887 2418 corpora
912 2320 1083 2392 terrestria
1109 2343 1175 2403 uon
1195 2318 1388 2390 necessaria
1409 2317 1570 2414 quaedam
1595 2320 1723 2393 monae
1746 2322 1884 2421 opilicia'

63 2514 84 2522 ..
202 2444 309 2536 atquo
323 2438 539 2512 iustrumenta
560 2440 620 2512 sod
647 2463 732 2514 rana
756 2441 934 2512 simulacra
957 2463 1031 2511 esse
1053 2440 1202 2535 putabat.
1254 2436 1352 2528 Quod
1376 2461 1454 2510 rero
1476 2437 1620 2510 uniuersi
1646 2441 1788 2529 οιιίιιιοιιι
1812 2466 1876 2517 oo.

204 2566 368 2652 gnorerat
384 2582 426 2628 ex
442 2567 552 2628 ruente
568 2558 677 2627 divina
693 2560 883 2627 necessario
900 2556 1055 2650 progredi
1071 2579 1178 2648 neque
1194 2576 1346 2647 umquam
1361 2558 1402 2626 ab
1419 2557 1485 2627 lrao
1500 2560 1661 2652 separari,
1679 2569 1830 2635 naturam
1845 2569 1880 2638 ot
1964 2571 1970 2577 '

201 2699 415 2748 numerorum
425 2683 465 2747 'et
479 2674 635 2771 temporis
651 2672 834 2745 Aristotele
849 2672 946 2745 altius
960 2671 1117 2767 indagem
1131 2670 1283 2742 instituit.
1321 2669 1388 2741 Ille
1401 2673 1489 2743 euim
1503 2673 1539 2744 iu
1553 2674 1628 2771 ipsa
1640 2687 1748 2750 mente
1759 2704 1879 2755 uum&

207 2794 257 2868 ris
270 2795 380 2868 locum
397 2795 539 2891 aliquem
557 2817 631 2867 esse
646 2800 836 2891 negauerat,
862 2793 923 2866 sed
935 2815 1141 2864 numerorum
1159 2789 1323 2862 notionem
1338 2793 1483 2884 archos,
1510 2816 1591 2889 quas
1616 2818 1714 2868 sensu
1728 2800 1878 2897 percipi-

212 2938 298 3008 mus,
324 2915 523 3010 cogitatione
545 2922 713 2987 avocatam
729 2938 804 2987 csse
821 2913 966 3003 dixerat3
979 2905 1037 3002 ¹²⁴)
1063 2919 1190 3008 tempus
1211 2935 1288 2984 vero
1303 2910 1462 2984 docuerat
1476 2920 1582 2985 motus
1604 2939 1773 2992 numeram
1790 2942 1877 3014 esso,

203 3035 279 3133 qui,
304 3060 400 3134 qoorn
414 3035 525 3108 anima
541 3034 586 3105 sit
601 3058 789 3126 numerans,
808 3058 914 3131 neque
927 3056 1080 3105 numerus
1096 3055 1172 3104 esse
1186 3032 1293 3129 possit
1307 3031 1373 3104 nisi
1386 3033 1422 3104 in
1437 3032 1560 3124 anima,
1582 3058 1642 3130 per
1657 3059 1695 3107 se
1711 3038 1782 3111 sine
1800 3040 1877 3112 aui·

203 3177 268 3227 -ma
287 3154 370 3225 niluil
385 3155 516 3226 omnino
531 3153 586 3226 sit.
601 3148 656 3247 ¹²⁸)
694 3154 848 3226 Plotinus
864 3161 980 3225 eontra
993 3152 1059 3226 iarn
1069 3153 1104 3223 in
1117 3159 1226 3223 meute
1248 3150 1356 3224 diuina
1371 3177 1524 3226 numeros
1536 3153 1660 3252 aliquid
1675 3180 1750 3231 esse
1763 3167 1879 3233 osten..
1903 3154 1906 3160 ’

204 3271 273 3365 dit,
300 3272 388 3369 quia,
415 3273 554 3345 simulac
568 3295 662 3345 mens
677 3273 712 3344 iu
731 3272 892 3345 inlinitum
907 3273 1055 3343 idearum
1069 3272 1260 3345 vanamtem
1275 3295 1349 3344 sesa
1364 3273 1519 3369 explicet,
1546 3274 1581 3345 in
1604 3298 1646 3346 ea
1670 3280 1798 3351 nurneri
1815 3304 1879 3354 eu·

213 3386 411 3491 osanam)
437 3392 550 3490 quoin
567 3417 605 3465 ra
620 3417 695 3465 eum
707 3417 773 3466 non
791 3393 873 3466 satis
887 3391 1075 3465 dmtiuuisse
1095 3392 1279 3464 uniuersam
1290 3391 1386 3465 unius
1404 3399 1437 3463 et
1452 3392 1668 3467 multitudinis
1682 3400 1843 3487 rationem
1857 3424 1880 3476 a

187 3534 192 3544 ¹
213 3510 415 3608 singolorum
426 3536 633 3586 numerorum
649 3513 836 3586 notionibus
855 3513 921 3584 iam
936 3536 1036 3609 sopra
1052 3512 1253 3601 monuirnus3
1278 3519 1404 3608 tempus
1420 3535 1497 3584 aero
1518 3537 1584 3585 non
1606 3515 1791 3610 cogitatam
1799 3527 1880 3591 tan«

213 3638 280 3705 tuor
296 3654 370 3704 esse
385 3638 419 3705 et
433 3631 563 3705 inanem
581 3633 724 3731 aliquam
741 3633 919 3725 notionem,
943 3633 1005 3704 sed
1029 3656 1102 3705 csse
1127 3632 1222 3729 quasi
1238 3630 1376 3704 formam
1399 3633 1549 3728 perpetui
1560 3633 1650 3706 illius
1668 3645 1786 3731 motus,
1813 3662 1878 3735 quo

212 3751 322 3825 anima
337 3750 481 3825 uniuersi
494 3761 674 3844 mereatur,
701 3760 735 3824 et
747 3776 958 3851 quaeeunque
974 3776 1016 3823 ex
1033 3759 1141 3824 menta
1159 3751 1267 3823 divina
1280 3750 1533 3848 progrediantur
1547 3755 1658 3825 statim
1672 3757 1731 3827 suh
1746 3743 1878 3854 tompo-

212 3870 260 3943 ria
273 3871 382 3967 legem
397 3870 530 3963 cadere,
552 3879 644 3944 reete
660 3874 829 3970 perspexit
844 3880 878 3945 et
893 3872 957 3947 hac
970 3871 1098 3971 quidem
1112 3872 1147 3942 in
1163 3896 1200 3945 re
1209 3871 1401 3944 Aristotelis
1418 3870 1598 3944 doetrirmm
1616 3874 1781 3968 sagaciter
1797 3900 1879 3949 eor-

213 3987 311 4062 rexit.
325 3982 380 4080 ¹²²)
433 3989 569 4090 Optime
583 4015 658 4064 aero
683 3993 916 4089 interpretatur
930 3992 1147 4066 Aristotelem
1168 3991 1383 4063 disserentem
1397 3983 1438 4063 de
1454 4015 1538 4088 pura
1551 3999 1659 4064 mente
1676 3994 1727 4065 sui
1742 3995 1878 4072 conscia
1942 3982 1945 3987 ’

251 4203 298 4273 ¹²¹)
316 4204 427 4259 Tractat
443 4205 508 4260 tunc
525 4193 658 4263 materiam
676 4211 847 4279 potissimum,
873 4208 1036 4264 Arbtoteticu
1053 4223 1159 4278 semper
1174 4179 1297 4278 dogmata
1315 4208 1464 4277 respiciens,
1490 4208 1516 4260 lo
1532 4208 1614 4265 libror
1638 4215 1666 4263 rt
1685 4208 1715 4264 ri
1739 4214 1808 4275 ζῶον
1830 4215 1878 4266 rat

316 4295 357 4351 τίς
377 4286 390 4344 ὁ
411 4285 568 4363 ἅνθρωπος.
588 4294 671 4360 (Euo.
687 4296 710 4359 l,
732 4297 768 4361 1.)

157 4405 162 4415 ·
253 4387 302 4459 Ν)
320 4391 434 4461 ldetnplr.
451 4391 511 4445 llll.
528 4392 601 4445 x111.
623 4393 831 4450 Mathematicos-
848 4396 883 4448 tbi
908 4411 1029 4450 nummos
1045 4411 1062 4448 a
1085 4395 1163 4448 rebus
1187 4396 1303 4464 reparari
1319 4409 1372 4448 nco
1395 4409 1475 4463 poure
1497 4392 1665 4467 (ἀχωρίςους
1685 4387 1767 4464 εἶναι)
1790 4395 1878 4465 doe«,

316 4477 374 4528 illos
392 4492 462 4542 reto,
486 4492 553 4543 quos
571 4477 648 4530 Plato
666 4478 700 4530 ad
717 4479 791 4531 ideae
807 4478 906 4533 reterre
924 4482 1040 4546 voloedt,
1059 4481 1214 4549 (elimasat,
1232 4476 1412 4550 ἀσύμβλητοι)
1430 4479 1490 4532 uilrit
1507 4479 1611 4536 omuino
1629 4495 1703 4547 eam
1719 4480 1752 4537 cl.
1771 4483 1878 4552 potissi·

316 4575 385 4614 mum
403 4562 464 4626 llll,
482 4567 507 4615 o,
526 4579 550 4630 p.
568 4565 628 4614 tito.
645 4562 691 4615 Br.

199 4677 204 4691 =
253 4657 299 4726 Ι’·)
318 4660 396 4730 Phys.
415 4663 460 4728 lv,
479 4667 520 4717 10.
540 4664 620 4717 τοῦτο
632 4657 688 4738 γάρ
706 4662 768 4728 terr
781 4660 796 4720 ὁ
807 4661 921 4739 χρόνος,
938 4662 1205 4744 &propitiatricem
1221 4661 1289 4720 κατὰ
1306 4661 1335 4719 ῐό
1352 4656 1487 4739 ”vistim
1502 4665 1550 4720 καὶ
1565 4660 1675 4739 55‘907·

227 4782 228 4791 ¹
253 4760 299 4825 n⁰)
317 4761 346 4815 lo
364 4764 428 4817 libro
446 4764 480 4817 de
497 4765 609 4818 comerio
626 4764 673 4831 Vl,
690 4770 715 4820 d.

254 4862 301 4930 aar)
318 4863 347 4919 ln
359 4842 430 4919 'dhre
447 4866 481 4918 de
500 4873 617 4936 ternpore
635 4873 663 4921 et
679 4867 843 4936 ammata.
861 4867 909 4937 ΠΙ,
925 4872 951 4924 7·
1622 4954 1645 5018 ὕ
