4386 5618
299 657 386 763 qnod
399 652 624 758 philosophiae
640 648 877 726 Aristoteliouo
894 649 1024 725 culinen
1039 651 1133 747 quasi
1148 650 1222 743 itit,
1243 648 1459 749 impugua'rit3
1473 629 1608 751 ¹¹¹)'nori
1624 651 1691 728 alia
1706 650 1848 729 fortasse
1863 662 1966 730 causa

298 790 418 873 mouns,
444 800 540 874 quam
562 773 648 871 quod
668 772 911 870 Peripateticos
936 771 1105 876 quosdam,
1132 772 1188 869 qui
1213 771 1572 869 senteutiamrragistri
1596 776 1703 850 miuus
1717 784 1809 850 recto
1825 786 1966 874 perspe-

298 904 438 992 xissent,
452 897 498 971 in
509 919 622 968 eorum
638 902 768 965 errores
789 891 949 966 recidisse
972 890 1110 983 uideret,
1134 892 1190 989 qui
1203 892 1355 967 aninum
1378 894 1528 994 corporis
1544 895 1687 991 aliquam
1712 895 1915 969 harmoniam
1933 902 1967 968 ot

296 1024 365 1099 rim
376 1018 536 1094 tanton
555 1037 629 1086 esse
645 1019 810 1110 putarent,
836 1036 903 1085 uon
915 1011 1023 1109 ipsam
1040 1011 1082 1082 in·
1101 1035 1138 1084 so
1149 1012 1302 1108 'aliquam
1316 1012 1415 1084 uitam
1428 1013 1562 1087 vitulam
1575 1014 1699 1087 hahere
1710 1021 1897 1087 amoenam
1910 1007 1968 1106 1ιῦ)

297 1142 417 1240 Neque
429 1134 553 1209 rectius
568 1132 771 1207 intellexisse
784 1131 922 1223 uidetur,
939 1131 1017 1228 quid
1032 1130 1320 1206 anamehttnerit
1331 1129 1424 1203 stad
1436 1141 1476 1210 τὸ
1499 1142 1536 1209 sl
1556 1135 1598 1232 ἢν
1614 1134 1714 1231 aises,
1745 1131 1970 1229 quo-lomanla

297 1261 465 1339 nofiooom
486 1250 671 1326 uniromn
691 1253 727 1325 in
745 1252 883 1349 singulis
901 1253 1000 1324 rebus
1024 1251 1235 1357 conspicuum
1256 1248 1463 1348 significauit,
1478 1243 1531 1347 ¹¹⁹)
1558 1257 1592 1322 ot
1616 1250 1702 1347 quod
1716 1250 1893 1326 discrimen
1909 1253 1968 1326 illo

299 1375 558 1459 sememonten
579 1374 964 1460 strennuissimus,
991 1379 1028 1442 ut
1049 1371 1132 1442 illud
1155 1395 1226 1445 rom
1248 1373 1366 1470 ipsam,
1391 1394 1489 1468 quam
1513 1370 1691 1462 sothimus,
1716 1371 1782 1445 hoc
1802 1380 1836 1444 ot
1851 1396 1919 1445 rom
1935 1380 1968 1445 et

280 1501 465 1577 'notionem
487 1495 558 1567 cius
570 1491 719 1597 'indicct3
733 1485 786 1585 ¹¹⁸)
810 1515 888 1565 mm
910 1491 1266 1589 connumerationem
1290 1491 1467 1588 improbat,
1482 1489 1628 1563 »scilicet
1646 1489 1799 1585 quia-rea
1821 1491 1968 1587 singulos

299 1621 451 1699 milas
469 1619 644 1713 perceptas
661 1636 723 1710 pro
738 1611 831 1684 ranis
845 1612 1012 1689 notionum
1033 1611 1229 1708 inagiailius
1251 1611 1409 1703 habehat,
1435 1616 1469 1682 ot
1483 1607 1608 1686 insola
1623 1615 1732 1681 ruente
1747 1634 1969 1687 rorasrorum

300 1739 431 1843 qaeios
450 1737 533 1809 sitas
556 1754 629 1805 esso
649 1724 864 1827 pomonam)
915 1729 1048 1811 Iduoro
1063 1739 1155 1807 recte
1167 1731 1258 1823 vidit,
1275 1729 1501 1805 ‚Amtotolao
1514 1733 1665 1801 naturam
1682 1727 1810 1805 munao
1826 1731 1969 1807 nondum

301 1864 345 1938 ‘ab
369 1856 458 1933 corui
477 1860 572 1951 parte
595 1856 749 1923 accurato
774 1848 977 1940 definivisso3
1003 1850 1059 1948 qui
1077 1876 1177 1947 quoru
1191 1857 1332 1923 moutarn
1348 1846 1564 1944 separabilem
1582 1869 1757 1944 ooorporo
1772 1872 1847 1923 osso
1863 1851 1970 1926 docu-

300 1983 384 2057 issct
405 1983 439 2049 ot
457 1995 592 2070 prorsus
612 1970 772 2042 disemum
794 1971 836 2041 ab
862 1972 972 2043 anirum
992 1971 1173 2064 statuisset,
1198 1970 1362 2067 duplicem
1377 1966 1470 2064 quasi
1486 1964 1586 2037 anim
1597 1965 1732 2041 humaui
1748 1975 1899 2043 naturum
1914 1972 1970 2044 io·

302 2098 436 2175 duxisse
460 2090 641 2181 ridebatur,
673 2089 723 2162 ita
744 2096 783 2161 ut
798 2090 909 2169 anina
928 2092 1078 2186 corporis
1102 2092 1145 2164 sit
1164 2090 1296 2163 domine
1320 2111 1361 2161 ac
1382 2085 1553 2182 magistra,
1586 2110 1679 2157 mons
1704 2078 1850 2178 auimao3
1877 2066 1972 2186 'quod

300 2217 446 2321 pueris
464 2219 580 2285 corna
593 2209 747 2307 physicos
759 2208 850 2297 illos,
870 2209 1083 2301 quimontom
1096 2211 1141 2279 ‘ab
1155 2210 1266 2287 anime
1277 2226 1451 2301 numquam
1466 2206 1549 2276 sotis
1558 2203 1793 2300 'distinxerant
1820 2203 1971 2304 (quorum

299 2341 494 2415 innumero
516 2330 625 2401 fuerat
648 2327 748 2399 otiam
769 2324 1002 2420 Anaxagoras,
1027 2326 1152 2420 primus
1172 2339 1234 2402 coi>
1255 2337 1321 2401 soi·
1335 2322 1453 2395 vindex
1477 2329 1512 2397 et
1537 2331 1699 2421 repertor,
1713 2319 1766 2418 ¹¹²)
1800 2327 1971 2403 uerissime

301 2457 459 2535 monitum
481 2452 582 2536 osset,
603 2444 711 2515 minus
735 2443 902 2518 tamen-'iu
922 2443 987 2513 hac
1009 2441 1160 2514 doctrina
1172 2439 1486 2534 cognoscipotorot,
1513 2440 1568 2532 qui
1584 2441 1703 2511 montis
1718 2443 1912 2539 anirrmeque
1927 2447 1972 2519 sit

300 2598 406 2652 nanus
428 2576 461 2641 oi
485 2589 582 2663 quam
604 2558 722 2633 montis
739 2563 867 2654 partem
885 2556 995 2627 auius
1015 2557 1156 2642 hahcot3
1183 2563 1217 2627 ot
1238 2554 1338 2628 focile
1356 2556 1485 2627 omnino
1499 2554 1576 2628 inde
1588 2557 1791 2631 Dicaearchi
1812 2561 1972 2638 oliorum·

302 2719 367 2799 que
388 2709 517 2766 ormros
543 2680 656 2756 enasci
674 2683 840 2776 poteraut,
865 2675 933 2773 qui,
959 2698 1001 2747 uo
1023 2675 1165 2748 annuum
1181 2674 1216 2746 in
1237 2673 1318 2746 dues
1337 2673 1483 2747 «litoreos
1496 2684 1607 2771 partes
1623 2676 1811 2774 discerpam
1828 2689 1864 2754 ot
1879 2686 1973 2780 quusi

303 2812 486 2895 dignabere
513 2803 720 2891 riderentur,
752 2796 858 2871 solutu
888 2796 1030 2868 aninam
1054 2793 1178 2890 aliquid
1202 2816 1275 2866 esso
1304 2816 1409 2887 neque
1435 2792 1521 2865 lrauc
1546 2817 1567 2908 a
1591 2818 1729 2891 corpore
1751 2804 1972 2895 separabilem

328 3094 388 3168 aas)
404 3095 451 3160 pv,
471 3098 500 3156 a,
516 3094 542 3142 t.
565 3086 686 3140 Photinus
702 3081 755 3145 ibi,
781 3093 880 3146 aegeum
902 3077 1014 3132 animam
1038 3079 1157 3145 corporis
1180 3076 1346 3133 entelechiam
1372 3074 1446 3145 esae',
1469 3093 1500 3132 se
1524 3070 1575 3133 alio
1600 3082 1659 3137 loco
1677 3084 1749 3152 plura
1767 3085 1801 3140 de
1818 3086 1866 3142 hec
1883 3104 1913 3144 re
1930 3090 1972 3144 di-

306 3202 322 3241 η
404 3177 551 3249 ,paramo
572 3168 659 3232 addit3
681 3165 724 3231 qul
747 3165 821 3219 mons
844 3177 923 3229 quum
940 3163 965 3215 iu
983 3162 1054 3214 libris
1071 3163 1127 3215 eius
1145 3177 1162 3216 e
1179 3161 1326 3231 Porphyris
1349 3162 1467 3217 collectis
1484 3163 1578 3219 trasna
1595 3169 1728 3233 quaesitus
1746 3171 1830 3238 meat,
1855 3176 1907 3228 iam
1925 3177 1970 3230 Fr.

406 3265 519 3328 vigenna
541 3270 598 3308 eum
622 3252 717 3304 invenit
733 3251 758 3301 in
776 3248 883 3300 Eusebii
908 3264 996 3316 praep.
1020 3263 1110 3315 evang.
1130 3249 1172 3313 15,
1196 3265 1219 3301 a
1239 3254 1279 3312 10,
1303 3247 1371 3301 onds
1388 3248 1536 3302 Creuserua
1559 3253 1658 3320 recepit
1674 3261 1702 3306 et
1719 3256 1784 3309 libro
1802 3258 1836 3310 itti
1860 3260 1917 3327 (lv,
1934 3265 1972 3329 2)

405 3341 574 3402 memorabile
591 3337 640 3391 hoc
656 3334 861 3403 supplementum
878 3331 985 3386 addidit.
1019 3331 1098 3384 Hand
1116 3331 1243 3385 immerito
1261 3331 1372 3400 Vigcrua
1389 3339 1543 3400 argumenta
1557 3334 1654 3389 Plotini
1673 3340 1754 3391 vitrea
1772 3343 1901 3409 nominate
1927 3346 1971 3413 qui

405 3428 522 3501 quamvis
539 3424 564 3477 id
581 3429 654 3477 reetc
670 3421 758 3473 dicere
780 3418 913 3481 rideatur,
935 3417 1047 3470 animam
1064 3416 1147 3468 maius
1169 3416 1263 3482 aliquid
1281 3432 1355 3480 essa,
1384 3432 1461 3482 qnam
1479 3419 1530 3472 uim
1548 3426 1575 3472 at
1592 3420 1701 3474 formam
1718 3424 1829 3490 aliquam
1847 3433 1973 3498 corporis,

308 3564 315 3578 ‚
406 3528 500 3588 perum
516 3518 603 3564 minen
620 3505 655 3559 ad
672 3504 818 3559 Aristotelis
842 3502 997 3556 seutentiam
1021 3501 1146 3566 attendit,
1170 3502 1213 3567 qui
1231 3507 1258 3553 et
1275 3502 1330 3568 lpse
1347 3501 1458 3553 animam
1483 3502 1625 3571 perfectum
1642 3507 1667 3559 iu
1683 3519 1714 3559 ae
1732 3515 1759 3561 et
1777 3524 1809 3562 er
1826 3526 1856 3564 so
1874 3521 1973 3568 motum

307 3592 315 3609 '
405 3600 504 3656 habere
520 3590 671 3660 saepissime
688 3588 815 3653 affirmat3
832 3586 907 3639 facile
924 3585 1002 3653 igitur
1018 3584 1124 3637 Plotiae
1143 3582 1290 3647 obiicienti,
1307 3578 1396 3637 'motus
1415 3592 1442 3639 et
1458 3577 1614 3655 mutationes
1632 3591 1734 3643 animae
1751 3592 1817 3656 ilias,
1836 3611 1901 3662 quas
1918 3615 1971 3653 noa

306 3708 316 3735 ι
355 3702 360 3709 ·
406 3694 551 3750 accepere
567 3675 673 3744 recipiat
690 3672 737 3725 aad
754 3673 810 3738 ipsa
828 3685 885 3723 erm
903 3683 1015 3738 corpore
1036 3669 1220 3734 eommunicet,
1246 3682 1280 3720 ar
1297 3667 1402 3722 uodsua
1419 3668 1580 3726 entelefflaa
1598 3676 1720 3743 explicari
1737 3691 1789 3733 noa
1805 3694 1900 3747 pom,
1912 3698 1973 3737 ,οφ

407 3781 512 3825 currere
529 3759 621 3832 possit,
638 3757 681 3825 qui
699 3756 865 3809 Aristotelem
882 3761 954 3808 recta
970 3753 1104 3806 intellexit.

338 3872 386 3946 ¹¹⁸)
404 3873 449 3926 Sic
466 3860 640 3921 Dicaearchus
663 3857 779 3925 magistri
801 3856 954 3910 sententiam
980 3868 1085 3923 prorsus
1109 3858 1285 3921 perverterat,
1308 3852 1419 3920 decens,
1444 3855 1504 3910 uituli
1529 3872 1588 3930 osae
1609 3861 1714 3915 omnino
1738 3863 1849 3916 animum
1871 3864 1973 3932 simque

410 3967 513 4013 omnem
531 3964 599 4012 aem,
621 3960 672 4012 qua
690 3945 729 3995 rel
747 3956 856 4008 agamus
873 3940 933 4005 qnid
951 3939 992 3991 rel
1009 3938 1159 4003 sentiamus,
1181 3938 1207 3991 in
1225 3939 1342 3992 omnibus
1361 3940 1513 4008 corporibus
1531 3945 1592 3996 vivis
1615 3944 1783 4010 aequabiliter
1801 3962 1863 4002 esse
1878 3950 1973 4016 tusam,

407 4055 457 4098 nae
474 4032 644 4103 separabilem
662 4045 678 4082 a
695 4040 805 4095 corpora
823 4038 900 4089 ωας
926 4023 980 4076 cic.
999 4019 1081 4074 Tuae.
1097 4022 1118 4087 l,
1137 4027 1177 4075 to.
1211 4021 1284 4075 idem
1302 4024 1442 4076 secuudum
1460 4024 1506 4077 has
1525 4028 1639 4080 ratIones
1655 4043 1708 4082 non
1725 4032 1811 4098 potuit
1827 4049 1878 4088 nou
1896 4036 1973 4090 nniuni

407 4119 627 4181 immortalitatem
645 4115 807 4180 impugnare,
824 4109 894 4199 qpod
913 4124 971 4161 euru
989 4106 1082 4160 iecbse
1099 4113 1211 4160 testatur
1229 4108 1323 4161 Cicero
1341 4105 1421 4159 Tuae.
1440 4108 1462 4172 l,
1480 4113 1523 4163 at.

339 4233 390 4301 aas)
407 4228 448 4283 ct.
467 4218 642 4277 Troadaleub.
667 4215 691 4269 iu
715 4212 896 4265 absentatione
913 4209 946 4262 de
964 4208 1004 4262 his
1019 4207 1135 4263 terminiis
1157 4222 1248 4261 museo
1266 4207 1394 4261 Rhome
1417 4208 1465 4276 ill,
1481 4212 1509 4274 4,
1527 4226 1552 4278 p.
1570 4215 1703 4280 ibi-tab.)
1726 4215 1840 4283 inserta,
1863 4226 1891 4272 et
1907 4235 1976 4286 quae

410 4313 478 4367 idem
496 4304 581 4360 attulit
598 4302 631 4355 ad
650 4302 693 4352 Ar.
711 4296 745 4349 de
762 4296 845 4347 auima
863 4293 885 4356 l,
903 4296 927 4357 1,
945 4298 970 4345 2

340 4417 390 4486 ⁸²⁰)
407 4406 583 4467 Trendeleub.
601 4405 627 4456 in
645 4397 826 4454 dissertatione
844 4394 922 4447 modo
940 4393 1059 4458 laudata,
1076 4393 1124 4463 ipsi
1142 4394 1176 4448 da
1192 4392 1240 4447 hac
1257 4395 1368 4450 dictione
1385 4396 1485 4463 emnam
1502 4394 1537 4451 da
1548 4396 1607 4450 dial.
1622 4397 1662 4451 Pi.
1672 4408 1731 4473 ¹rat.
1746 4418 1772 4472 p.
1783 4403 1826 4468 4⁸,
1843 4409 1899 4457 aar.
1917 4409 1974 4458 105,

341 4519 388 4589 saep
404 4515 500 4569 Reiicit
516 4510 593 4576 igitur
611 4511 638 4557 et
655 4500 756 4555 deridet
772 4513 832 4560 eos,
849 4496 891 4562 qui
909 4495 1045 4549 formulam
1062 4500 1090 4549 ri
1109 4485 1144 4562 ἦν
1164 4489 1233 4550 εἶναι
1255 4498 1349 4563 ubique
1372 4498 1500 4559 iactantes
1524 4499 1575 4550 iam
1599 4502 1662 4561 spuis
1680 4517 1734 4552 rem
1756 4503 1805 4557 ,ppt
1830 4503 1978 4563 videnum,

412 4597 565 4654 definivisse,
585 4591 628 4655 vt,
645 4594 671 4651 τ,
687 4590 713 4638 4.
748 4582 833 4634 Etiam
852 4581 918 4633 iuter
936 4577 1012 4650 ψυχὴ
1032 4588 1060 4634 et
1076 4582 1143 4634 inter
1159 4583 1236 4651 ψυχῇ
1255 4575 1326 4635 εἶναι
1343 4589 1424 4651 negat
1440 4576 1578 4638 discrimen
1596 4581 1664 4649 esse,
1681 4584 1828 4640 scilicetne
1845 4593 1976 4658 compofi.
2091 4651 2100 4658 “

411 4694 465 4738 tum
484 4675 577 4741 aliquid
595 4673 679 4725 anima
696 4684 755 4722 case
772 4666 898 4727 videatur,
917 4665 938 4728 l,
957 4668 981 4728 l,
999 4668 1024 4716 2
1416 4672 1429 4697 ·.
1776 4672 1781 4687 ,
1938 4666 1941 4674 .

257 4826 266 4839 ’
343 4791 395 4859 ²²²)
413 4784 488 4838 ΑΜ·
508 4779 541 4831 ‘¹⁰
559 4776 643 4828 '⁰³⁰¹'
660 4771 683 4838 ¹’
699 4777 724 4822 ²
738 4760 922 4839 ²¹7“’²“²'‘³l¹“⁶
947 4764 1028 4824 Μ]
1041 4765 1096 4836 otu
1117 4765 1212 4842 gr‘ety
1231 4766 1324 4835 Htw
1346 4765 1440 4837 ψνκήν
1463 4787 1491 4823 τε
1508 4770 1555 4829 aot
1572 4770 1648 4836 oasa,
1662 4772 1761 4844 reiro
1779 4771 1803 4826 r
1822 4772 1933 4846 iturea
1944 4776 1980 4839 oe

414 4869 466 4943 μιᾷ
484 4859 575 4934 φύσει.
1018 4916 1021 4921 ,
1067 4908 1071 4934 .=
1225 4914 1228 4921 ,
1637 4902 1641 4909 .
1663 4922 1667 4931 1
1689 4916 1692 4921 ,
1714 4884 1733 4907 s
