4386 5618
1040 430 1095 510 ld

225 643 390 721 onustisus
420 641 568 742 sequitur
590 639 690 715 reniso
712 638 793 734 dle,
827 661 912 738 qnee
937 641 1090 715 obsolute
1115 639 1264 730 dixerat,
1299 635 1363 713 loe
1388 636 1465 713 inde
1490 637 1706 736 'explicaret‚·
1727 635 1814 732 quod
1837 636 1897 714 le·

224 773 360 863 quentes
384 762 548 834 interdum
578 762 749 834 eonsilium
777 760 918 833 sotionis
944 785 1005 858 pro
1030 781 1068 831 re
1093 757 1168 857 ipse
1192 758 1225 831 ei
1250 757 1381 834 obieeta
1413 756 1582 830 hebernus.
1604 797 1658 811 -
1690 755 1895 830 Aeeuretis·

222 884 324 958 sirnus
349 905 476 980 quoque
501 887 553 954 est
575 880 610 951 in
636 888 817 978 temporum
840 878 956 953 formis
981 879 1218 972 diseerneudis,
1252 887 1297 972 ot,
1324 902 1421 976 quum
1444 885 1603 975 perpetuo
1627 876 1771 949 oeternis
1794 898 1894 950 meu·

222 1004 266 1078 tls
291 1002 419 1076 divinoe
445 994 627 1074 tedonem
653 1007 851 1098 opponeret,
886 1023 969 1098 queo
994 999 1030 1071 iu
1054 1007 1201 1098 tempore
1225 999 1361 1094 fierent,
1394 996 1562 1098 praesenti
1585 997 1713 1093 quidem
1743 1006 1891 1094 tempore

220 1145 279 1197 res
305 1130 455 1196 eeteruos
482 1122 603 1219 optime
627 1120 709 1193 sidit
729 1119 881 1218 exprimi,
915 1120 1054 1218 perfeeti
1079 1145 1157 1193 uero
1183 1129 1218 1195 et
1241 1121 1357 1195 uenisti
1382 1119 1445 1193 lsoe
1472 1141 1546 1191 esso
1571 1116 1759 1209 discrimen,
1793 1125 1831 1189 ut
1854 1117 1892 1189 iu

220 1243 284 1317 illo
306 1249 413 1315 motus
438 1242 528 1314 notio
553 1239 625 1313 sere
650 1249 825 1313 esenesest
849 1246 885 1312 et
908 1248 1015 1313 status
1038 1240 1192 1334 munium,
1227 1241 1282 1339 qui
1307 1249 1429 1313 motum
1455 1246 1589 1312 secutus
1613 1245 1676 1328 est,
1711 1237 1802 1310 notio
1828 1259 1892 1309 ex-

220 1363 368 1454 tolletur,
393 1359 457 1434 hoe
479 1383 556 1434 rere
581 1366 690 1432 motus
714 1359 834 1457 aliquis
858 1367 1005 1458 tempore
1031 1360 1140 1458 eliquo
1157 1369 1191 1435 et
1215 1360 1324 1434 leetus
1347 1367 1381 1432 et
1405 1367 1560 1458 peruetus
1584 1356 1766 1447 iudieetur3
1791 1379 1892 1455 quen

220 1483 264 1557 ob
287 1505 359 1555 rom
383 1479 531 1578 perfeeto
556 1479 674 1552 melius
699 1502 797 1577 quem
822 1480 946 1553 eoriste
971 1505 1025 1575 ee,
1058 1504 1142 1579 quoe
1168 1482 1211 1554 eb
1236 1480 1431 1554 aeternitate
1454 1479 1590 1569 tierent,
1624 1472 1765 1550 iudieari
1789 1484 1894 1574 pute·
1961 1518 1964 1523 >

219 1602 298 1696 uus,
331 1608 367 1675 et
391 1599 582 1698 ampliorem
608 1607 706 1695 etque
732 1598 953 1696 angustiorem
979 1625 1053 1675 essu
1078 1600 1218 1699 perlecti
1241 1601 1328 1695 uim,
1362 1624 1460 1698 quem
1485 1597 1621 1688 eoristi,
1655 1598 1708 1670 eui
1734 1596 1892 1694 temporis

218 1720 303 1794 finiti
334 1720 426 1793 notio
459 1720 600 1793 merisne
633 1718 807 1808 edlueret3
820 1712 873 1813 ¹²⁵)
905 1743 970 1792 neo
1001 1744 1069 1793 nou
1100 1721 1293 1820 imperleeto
1326 1720 1367 1793 do
1399 1722 1498 1793 rebus
1523 1715 1665 1790 aeternis
1690 1709 1805 1790 inoluit
1829 1715 1892 1810 uti,

220 1864 318 1939 quern
343 1840 478 1932 eoristo,
504 1840 582 1936 quis
605 1837 689 1910 illud
713 1862 841 1937 quoqne
857 1847 978 1912 motum
997 1840 1225 1938 quidemsed
1248 1848 1441 1938 perpetuum
1466 1839 1699 1934 durantemque
1724 1837 1757 1910 ei
1782 1835 1892 1932 signi·

218 1958 321 2034 omre
352 1958 533 2032 uidebatur.
546 1953 604 2050 ¹¹⁸)
655 1957 753 2051 Quod
777 1981 854 2034 uero
878 1983 944 2032 uno
968 1959 1045 2033 loeo
1069 1960 1254 2033 inruentis
1281 1960 1392 2056 eliqua
1418 1960 1548 2032 eetione
1580 1957 1766 2030 deliniendo
1789 1979 1892 2053 prse-

219 2080 307 2154 eenti
329 2080 486 2153 sonetum
511 2075 684 2175 praetulit,
716 2077 847 2151 omniuo
880 2078 1052 2176 {neoteriti
1082 2079 1191 2176 mugio
1215 2102 1313 2175 quum
1337 2079 1443 2176 ipsius
1467 2077 1582 2150 eoristi
1607 2077 1773 2150 notionem
1799 2074 1895 2149 ride-

215 2209 271 2275 tur
294 2198 442 2274 iudieare
468 2197 629 2291 volume,
662 2221 780 2294 quum,
815 2220 900 2294 queo
924 2205 1061 2272 eeteme
1086 2199 1167 2291 sint,
1197 2221 1264 2271 non
1287 2220 1375 2270 nuno
1399 2205 1524 2270 tentum
1549 2195 1621 2268 lieri
1648 2195 1707 2268 sed
1732 2200 1920 2292 peremtus¹

218 2319 310 2392 loeta
335 2317 498 2391 dieantur.
511 2311 565 2410 ¹¹¹)
579 2357 633 2374 -
657 2316 814 2416 Denique
837 2317 937 2390 etiem
962 2317 998 2388 iu
1021 2317 1131 2390 uerbis
1155 2315 1395 2412 significatione
1420 2317 1583 2413 eoguetis,
1608 2339 1692 2413 quae
1717 2336 1896 2412 synonyme

217 2444 387 2531 soeantur,
419 2445 511 2510 reete
538 2437 777 2533 distinguendis
801 2437 1035 2533 mgaeusimus
1056 2435 1131 2528 luit,
1167 2444 1204 2507 ut
1226 2435 1322 2509 deoet
1345 2436 1584 2534 philosophum,
1616 2436 1709 2508 euius
1728 2441 1793 2527 est,
1825 2457 1898 2509 nes

215 2556 384 2631 voeabulis
409 2579 470 2650 pro
493 2555 629 2625 erbitrio
651 2556 701 2622 uti
726 2577 902 2645 eorumque
923 2555 987 2622 eim
1015 2561 1131 2621 eontra
1155 2576 1284 2623 onmem
1310 2562 1344 2623 et
1362 2580 1456 2625 usum
1473 2562 1507 2626 et
1526 2555 1689 2626 rationem
1705 2555 1893 2648 immutare,

217 2676 278 2751 sed
298 2671 502 2747 reeonditum
526 2671 562 2742 iu
583 2670 627 2742 iis
651 2677 686 2741 ot
709 2669 752 2741 elo
778 2667 905 2767 origiue
937 2667 1071 2741 insitum
1092 2669 1156 2739 rim
1182 2675 1217 2740 et
1239 2675 1331 2742 reete
1355 2670 1530 2742 obseruare
1552 2678 1587 2743 et
1612 2672 1766 2745 excolere
1792 2680 1890 2770 etque

118 2844 121 2848 -
219 2795 400 2895 explicere.
451 2790 510 2864 De
536 2789 660 2883 multis,
693 2809 779 2886 quse
802 2785 846 2860 sd
868 2785 932 2860 hoe
955 2812 1058 2884 genus
1081 2788 1256 2886 pertinent,
1280 2812 1388 2888 peuce
1410 2789 1602 2887 deligemus.
1655 2791 1764 2883 Quum
1787 2791 1893 2864 vidis·

218 2923 283 3009 set,
306 2936 406 2986 unum
426 2910 508 2983 illud
532 2928 730 3009 supremum,
756 2906 844 3005 quod
868 2906 998 2981 dedeo
1024 2908 1244 3006 praedicetur,
1277 2934 1344 2982 nou
1363 2934 1462 2982 unum
1486 2935 1528 2986 er
1550 2910 1661 2983 multis
1683 2934 1757 2984 esse
1780 2933 1892 3009 posse,

217 3034 277 3110 sed
293 3057 393 3133 supro
409 3054 537 3104 omnem
548 3053 717 3102 numerum
732 3052 773 3100 ee
790 3027 1027 3102 multitudinem
1043 3029 1164 3103 elatum
1181 3053 1269 3123 esse,
1295 3029 1381 3103 haue
1398 3031 1538 3129 primaru
1553 3038 1587 3103 et
1606 3054 1716 3105 uerum
1732 3032 1892 3105 unitatem

216 3160 321 3234 ἑνάόα
350 3151 497 3243 uoeuuit,
529 3149 634 3243 illem,
668 3172 876 3231 numerorum
906 3148 1115 3246 principium,
1149 3157 1294 3245 μονάδα,
1327 3175 1425 3248 quesn
1457 3175 1610 3224 nonnosus
1630 3151 1772 3247 eliquurn
1796 3151 1888 3226 illiue

214 3272 390 3371 imaginem
411 3271 566 3369 putebat3
579 3262 632 3361 ¹²⁸)
666 3276 817 3342 senserat
840 3267 940 3360 euim,
962 3267 1012 3356 εἷς
1032 3275 1066 3340 et
1088 3273 1192 3364 μόνος
1211 3270 1261 3342 itu
1287 3270 1429 3363 differre,
1455 3279 1492 3342 ut
1512 3271 1577 3342 lroe
1599 3293 1731 3367 semper
1754 3271 1885 3346 ratione

216 3393 356 3467 eliorum
382 3390 495 3466 hahita
525 3389 671 3483 dicutur,
710 3386 763 3489 (ut
795 3386 931 3482 solus)
965 3385 1055 3460 illius
1081 3387 1171 3460 notio
1201 3389 1352 3463 absoluta
1381 3391 1486 3487 magis
1510 3413 1585 3463 esse
1614 3388 1775 3464 uideatur.
1827 3389 1891 3467 sie

85 3607 88 3611 ²
215 3512 353 3587 totius
378 3535 506 3609 quoque
529 3510 695 3582 notionem
715 3508 879 3605 duplieem
903 3530 976 3579 esse
995 3507 1176 3599 intellexit3
1200 3533 1289 3604 nero,
1317 3510 1473 3608 quidquid
1487 3518 1590 3583 totum
1607 3510 1805 3603 nominetur,
1831 3518 1891 3584 eut

215 3641 328 3732 portes
338 3655 416 3704 sues
432 3632 479 3703 itu
497 3629 653 3720 eontinet,
680 3634 716 3700 ut
735 3651 811 3699 uere
828 3650 933 3724 neque
946 3626 1032 3699 inter
1049 3652 1086 3700 se
1105 3652 1210 3725 neque
1227 3654 1247 3702 e
1265 3637 1333 3703 toto
1355 3631 1503 3703 diversae
1520 3630 1598 3723 sint,
1622 3637 1657 3701 ut
1671 3630 1761 3703 notio
1777 3630 1890 3727 ulique

214 3752 365 3869 superior
388 3749 538 3823 notiones
559 3747 731 3820 inferiores
762 3746 1024 3848 comprehendit,
1060 3756 1116 3822 out
1145 3750 1293 3848 portibus
1321 3751 1536 3849 eompositum
1560 3758 1595 3822 et
1616 3750 1790 3822 eonlletum
1815 3772 1892 3824 esse

255 4015 307 4086 m)
322 4016 362 4070 lte
378 4021 466 4070 urente
482 4023 590 4072 setosus
607 4015 681 4069 stou
703 4014 810 4081 leesor
825 4013 884 4086 ἱχει
903 4014 1130 4089 διακεκριμένον,
1148 4018 1195 4071 sel
1208 4008 1245 4072 αὖ
1261 4016 1294 4072 orl
1309 4017 1456 4092 διαιρεθὲν
1463 4020 1565 4089 χωρίς,
1584 4014 1630 4080 Vl,
1646 4017 1673 4081 l,
1691 4021 1733 4070 14.
1751 4031 1804 4083 qne
1822 4015 1884 4071 loeo
1935 4036 1938 4041 ·

321 4101 487 4154 subtilissime
509 4108 656 4169 temporum
681 4100 819 4157 dlserlm
835 4100 909 4155 rides
926 4116 986 4155 esse
1003 4103 1183 4169 obserentem
1204 4109 1296 4159 eostss
1314 4104 1359 4171 vt,
1375 4106 1402 4168 4,
1418 4108 1445 4168 e,
1462 4103 1496 4155 de
1512 4116 1592 4156 seusu
1609 4100 1684 4155 esces
1707 4098 1767 4157 οὐδ’
1786 4097 1853 4170 αὐτὴ
1870 4096 1893 4169 s's

318 4190 436 4261 tetresse
451 4184 611 4255 (αἴσθησις)
625 4189 739 4262 κέκρικα
751 4190 835 4259 λέγει,
853 4183 911 4241 ἀλλ’
928 4185 1020 4261 ἔκρινε
1033 4182 1133 4258 μόνον.

253 4303 308 4374 ⁸⁰)
319 4304 355 4369 ll,
371 4309 397 4368 9,
413 4308 438 4356 s
457 4304 492 4357 de
507 4304 602 4357 mundo
619 4304 694 4359 dieite
717 4304 752 4360 οὗ
767 4310 861 4360 τοίνυν
875 4290 996 4375 ἐγένειοε
1012 4302 1070 4357 ἀλλ’
1088 4282 1205 4373 dolense,
1221 4306 1270 4360 sat
1284 4301 1436 4375 γενήσεται,
1455 4303 1509 4362 ὅσα
1520 4301 1624 4377 γενητὰ
1636 4306 1753 4375 λέγεται.
1789 4303 1886 4359 slutt-

318 4396 361 4444 ter
376 4389 410 4442 de
427 4395 514 4442 useute
531 4390 631 4440 divinus
652 4385 688 4455 ἧν
705 4389 844 4460 indultae
859 4385 983 4459 δύναμιν
1001 4386 1146 4443 ἀδυνατῶν
1161 4391 1237 4460 ἔχειν
1251 4394 1419 4463 dertonam,
1437 4394 1486 4445 sol
1503 4389 1595 4444 uultui
1611 4392 1724 4456 luntres
1740 4385 1791 4455 τὴν
1805 4392 1887 4458 μίαν,

318 4474 366 4537 Vl,
382 4478 408 4539 7,
429 4478 467 4526 15.
485 4472 526 4524 ubi
544 4473 712 4539 sagacissime
728 4475 907 4544 imperfectum
928 4475 1026 4527 soniste
1044 4476 1190 4542 opponitur.
1226 4477 1354 4530 Utebstu
1371 4477 1449 4544 igitur
1464 4476 1631 4545 impulsae,
1654 4483 1685 4530 st
1700 4480 1803 4543 tenos·
1820 4487 1884 4543 pet·

317 4567 431 4628 meum,
449 4557 519 4623 quod
535 4559 716 4612 emensitatem
732 4562 806 4626 unsel
823 4559 914 4612 suros
931 4559 1069 4623 videretur,
1087 4559 1221 4615 indiceret.

247 4674 302 4745 W).
313 4676 356 4728 De
370 4683 458 4729 nusuts
474 4690 503 4729 se
520 4675 544 4729 te
561 4675 613 4729 deo
629 4684 807 4743 cognoscente
821 4677 898 4731 diets:
919 4673 977 4732 ἀπὸ
998 4680 1055 4732 uir
1070 4673 1188 4752 πρώτων
1208 4675 1295 4736 αὑτοῦ
1309 4673 1443 4749 tuaest,
1466 4679 1575 4749 μᾶλλον
1595 4676 1628 4734 st
1650 4673 1696 4734 ors
1710 4672 1881 4745 lisseol-teir,

316 4757 370 4826 ὅςε
386 4762 524 4831 μηδέποτε
539 4757 569 4814 τὸ
586 4760 724 4822 ἐπεξιέναι
738 4760 841 4830 ἀληθὲς
853 4755 933 4830 eim,
951 4762 997 4827 Vl,
1013 4767 1041 4829 2,
1057 4767 1100 4817 ΙΙ.

133 4830 139 4839 ¹
252 4876 1022 4954 ”resmissionem-smnus
