4386 5618
973 320 1114 451 sse

258 580 406 682 eorporis
430 580 536 679 quasi
549 579 686 654 vinculis
701 575 744 680 ⁴⁸)
777 585 812 652 et
836 576 996 676 sepulcris
1011 573 1055 671 ⁴⁸)
1080 579 1201 652 inclusi
1226 577 1293 650 sint
1312 584 1351 652 et
1374 577 1410 651 in
1435 581 1576 655 obscure
1599 583 1738 680 quodam
1764 590 1859 659 antm
1873 577 1920 678 ⁸⁸)

256 702 406 777 habitare
439 703 629 796 videantur,
664 702 699 772 in
724 725 787 798 quo
812 723 913 772 vanas
935 706 1060 771 tantum
1084 707 1184 796 atque
1207 699 1322 772 inanes
1347 701 1417 773 veri
1439 703 1571 776 umbras
1597 704 1800 802 dispiciant,
1823 705 1921 780 modo
1965 796 1969 808 Ι

257 825 409 897 mundum
434 823 660 895 felicissimum
686 822 781 893 deum
805 820 1014 919 praedicare,
1049 827 1084 891 et
1107 827 1249 892 mentem
1274 821 1385 896 dicere
1411 824 1453 894 ab
1476 824 1598 921 optimo
1619 833 1653 896 et
1678 826 1921 923 sapientissimo

180 1019 183 1029 ,
257 945 399 1016 omnium
424 968 533 1014 rernm
559 950 708 1015 creatore
734 942 865 1038 corpori
889 929 1038 1012 inditam.
1051 933 1092 1031 ⁵¹)
1144 940 1242 1014 llaec
1257 942 1306 1013 ita
1320 943 1407 1014 inter
1426 968 1463 1015 se
1484 943 1690 1016 concilianda
1707 970 1788 1018 esse
1812 947 1923 1038 docet,

256 1071 299 1136 ut'
317 1065 469 1135 universa
494 1062 621 1158 quidem
646 1077 715 1159 per'
731 1062 883 1133 mundum
906 1060 1024 1132 diffusa
1048 1060 1158 1134 anima
1182 1063 1268 1135 lona
1294 1086 1369 1136 esse
1393 1070 1536 1161 putetur,
1561 1065 1620 1137 scd
1645 1065 1783 1137 simulac
1803 1087 1924 1161 corpus

257 1183 322 1256 sili
346 1183 382 1253 in
406 1183 545 1253 materia
568 1181 691 1277 tingere
716 1182 913 1273 instituerit,
946 1180 1132 1255 desciscere
1167 1183 1317 1279 coepisse
1343 1207 1364 1256 a
1388 1207 1471 1280 pura
1497 1191 1604 1255 mente
1631 1191 1665 1256 et
1690 1185 1731 1256 ad
1756 1183 1924 1257 infelicis·

257 1302 374 1374 simam
397 1280 681 1399 sortemdelapsa
706 1324 793 1374 esse.
809 1296 851 1394 ⁶²)
903 1298 1021 1397 Neque
1044 1301 1126 1372 illud
1151 1300 1309 1375 dissimile
1334 1310 1405 1394 est,
1440 1303 1526 1400 quod
1550 1301 1619 1394 VI,
1645 1306 1683 1395 4,
1712 1305 1774 1377 lo.
1799 1309 1923 1397 monet,

256 1442 302 1494 ne
332 1420 423 1518 quis,
458 1422 488 1493 si
512 1420 612 1493 Plato
647 1422 787 1494 annnam
819 1421 873 1493 vel
896 1421 932 1493 in
958 1446 1077 1518 eorpus
1113 1421 1264 1494 devenire
1288 1423 1340 1496 vel
1366 1447 1409 1494 ex
1433 1447 1472 1494 eo
1500 1423 1669 1495 discedere
1695 1424 1802 1515 dieat,
1836 1423 1923 1499 haee

256 1542 390 1639 proprie
414 1541 629 1636 intelligenda
655 1566 728 1613 esse
754 1549 866 1639 putet3
892 1541 1097 1614 statuendum
1121 1543 1231 1638 potins
1255 1566 1342 1631 esse,
1376 1542 1517 1613 animam
1544 1566 1604 1615 sua
1629 1550 1745 1640 sponte
1771 1543 1924 1639 corpori·

256 1659 318 1733 ons
344 1661 395 1733 sui
419 1668 616 1758 potestatem
642 1660 775 1751 iecisse,
802 1669 836 1733 et
858 1663 982 1733 rectius
1007 1661 1086 1750 dici,
1112 1683 1230 1756 corpus
1256 1660 1299 1732 ad
1324 1661 1466 1732 minem
1490 1663 1674 1757 pervenire,
1701 1664 1771 1734 eius
1788 1670 1824 1732 nt
1847 1662 1925 1737 luoo

169 1811 175 1823 ·
256 1777 451 1870 illustretur,
478 1803 575 1875 quam
603 1780 744 1851 animam
769 1779 811 1851 ad
837 1803 956 1875 corpus
982 1779 1146 1852 decidere.
1189 1777 1333 1852 Omnino
1359 1803 1436 1851 vero
1462 1783 1560 1852 etiarn
1584 1782 1680 1854 nobis
1706 1783 1747 1853 de
1772 1780 1926 1854 Platonis

257 1897 409 1970 doctrina
441 1899 681 1995 disputantibus
706 1897 833 1970 Plotini
850 1898 1047 1995 *exemplum
1080 1899 1278 1996 sequendum
1310 1898 1373 1969 erit
1399 1906 1432 1970 et
1456 1898 1491 1970 id
1516 1923 1645 1995 semper
1677 1899 1926 1992 observandum,
1991 1880 1997 1897 ’

256 2039 319 2109 ne,
351 2014 437 2113 quod
461 2041 566 2115 nuper
590 2017 739 2089 iecerunt
764 2018 916 2115 quidam,
942 2017 1117 2092 Platonem
1143 2019 1210 2090 elia
1234 2025 1383 2114 pectam,
1418 2017 1485 2090 alia
1516 2018 1744 2115 philosophum
1770 2019 1925 2092 statuisse

258 2135 446 2234 opinemnr3
472 2160 549 2208 narn
574 2145 668 2236 putet
691 2137 844 2211 fortasse
859 2138 996 2235 aliquis,
1023 2140 1077 2237 qui
1102 2139 1298 2237 primoribus
1324 2145 1448 2209 tuntum
1473 2138 1577 2211 labris
1601 2138 1795 2212 Platonicos
1820 2138 1943 2213 librosx

255 2257 455 2351 gustaverit,
488 2280 554 2329 non
578 2258 667 2330 idenr
692 2281 822 2355 semper
846 2260 969 2331 sentire
994 2258 1190 2351 Platonem,
1222 2259 1276 2356 qni
1308 2265 1376 2329 tum
1401 2259 1559 2332 materiae
1591 2259 1670 2331 labe
1693 2260 1805 2331 omnia
1828 2259 1926 2351 haee,
1977 2254 1979 2259 ⁴
2011 2274 2015 2280 “

257 2370 403 2470 quaein
427 2398 544 2446 sensus
568 2379 913 2472 nostrosnincurrant,
940 2377 1059 2444 allecta
1083 2384 1117 2445 et
1142 2377 1283 2444 animum
1309 2378 1458 2468 corporis
1484 2378 1570 2446 mole
1595 2376 1736 2448 ma‘xinre
1759 2380 1926 2451 turbatum

257 2500 294 2564 et
318 2516 508 2589 oppressum
535 2499 701 2588 queretur,
727 2499 797 2563 tum
816 2492 968 2562 universa
986 2514 1132 2562 summae
1157 2491 1294 2562 rationis
1320 2490 1448 2563 divinae
1475 2491 1616 2587 effigiem
1641 2518 1758 2588 gerere
1784 2503 1817 2567 et
1841 2519 1925 2592 par·

256 2618 325 2683 tem
358 2610 501 2707 aliquam
525 2611 672 2684 idearum
706 2611 825 2707 ubique
849 2610 1055 2706 regnantium
1080 2609 1203 2682 labere
1228 2609 1410 2704 intelligat3
1445 2609 1505 2682 sed
1538 2612 1594 2708 qui
1627 2619 1730 2685 totum
1755 2600 1924 2689 doctrinae

257 2731 329 2805 eins
340 2754 461 2803 nexum
475 2738 510 2804 et
524 2731 697 2803 eonsilium
712 2739 804 2802 reete
828 2730 1008 2828 perspexit,
1036 2753 1108 2800 euru
1125 2753 1191 2800 non
1207 2736 1317 2824 potest
1329 2728 1456 2823 lugere,
1482 2753 1612 2827 semper
1628 2731 1660 2802 ei
1673 2732 1803 2828 singula
1819 2759 1925 2831 quae·

257 2875 321 2950 qne
344 2851 513 2924 imbecilla
538 2859 572 2924 et
595 2874 714 2923 manca
738 2849 853 2940 videri,
881 2849 1025 2944 quamvis
1051 2848 1221 2919 universae
1246 2873 1356 2920 rernm
1380 2848 1543 2940 notiones,
1569 2873 1705 2944 quarum
1726 2853 1760 2924 iu
1785 2854 1924 2949 singulis
2004 2914 2011 2931 .

161 3026 166 3037 .
256 2972 398 3069 vestigia
423 2995 616 3061 cernamus,
648 2968 866 3066 pulcerrimae
899 2968 966 3040 sint
997 2974 1031 3039 et
1060 2965 1343 3063 perfectissimam
1373 2967 1465 3039 onius
1491 2968 1540 3039 rei
1566 2992 1701 3042 causam
1731 2995 1797 3043 nen
1823 2973 1923 3045 aliam

257 3113 333 3164 esse
357 3090 502 3187 putavit,
529 3112 626 3186 quam
651 3084 737 3183 qnod
760 3111 817 3159 res
843 3086 991 3182 singulae
1016 3086 1175 3178 materia,
1201 3094 1367 3184 tempore,
1392 3088 1467 3160 loco
1493 3088 1675 3161 disiunctae
1702 3090 1768 3163 sint
1793 3100 1826 3164 et
1851 3092 1926 3166 dis·
2038 3138 2041 3142 -

259 3216 384 3301 enatae,
409 3206 506 3279 ideae
531 3231 608 3280 vero
633 3231 807 3300 numquam
832 3206 920 3278 inter
935 3229 971 3278 se
997 3204 1179 3298 discedant,
1206 3206 1265 3279 sed
1290 3231 1355 3279 una
1380 3215 1515 3279 aeterna
1534 3217 1643 3281 mente
1669 3210 1924 3307 comprehensae

259 3325 398 3401 eandem
422 3333 581 3424 perpetuo
606 3324 766 3395 rationem
792 3347 833 3396 ac
858 3331 1009 3396 naturam
1034 3330 1175 3397 servent.
1217 3326 1314 3419 Quod
1339 3327 1368 3399 si
1393 3328 1500 3399 minus
1525 3328 1583 3399 ille
1609 3329 1781 3402 ostendere
1806 3309 1925 3428 potuit,

259 3447 419 3545 quomodo
442 3470 484 3518 ex
508 3444 768 3541 ideis·singnlae
792 3468 848 3517 res
870 3453 967 3542 aptae
992 3451 1027 3518 et
1050 3469 1155 3516 nexae
1181 3445 1259 3539 sint,
1284 3446 1356 3544 ipse
1381 3447 1503 3544 optime
1522 3447 1651 3544 quidem
1676 3450 1739 3521 sili
1765 3451 1925 3544 constitit,

259 3566 320 3640 sed
345 3572 418 3639 erat
442 3565 526 3638 laec
551 3565 652 3638 insita
678 3563 836 3662 quaedam
862 3565 932 3637 eius
959 3564 1127 3636 doctrinae
1151 3563 1373 3657 imbecillitas,
1400 3574 1447 3656 ut,
1475 3590 1570 3664 quum
1598 3569 1815 3664 cognovisset,
1841 3564 1924 3642 nilsil

259 3685 391 3760 omnino
416 3708 491 3769 esse
516 3708 615 3781 posse
645 3683 718 3756 sine
742 3684 840 3775 ideis,
864 3709 930 3757 non
956 3683 1043 3757 istud
1068 3684 1165 3755 simul
1188 3692 1278 3756 reete
1304 3685 1514 3780 intelligeret,
1539 3687 1632 3760 ideas
1656 3712 1733 3760 vere
1757 3713 1823 3759 non
1850 3710 1924 3761 esse

154 3876 160 3889 ,
258 3829 378 3904 posse,
408 3804 474 3878 nisi
507 3811 716 3902 apparerent.
769 3803 845 3896 Qua
870 3805 903 3874 iu
930 3828 967 3876 re
991 3801 1165 3874 Aristoteli
1190 3803 1347 3899 contigit,
1380 3813 1416 3876 ut
1439 3806 1614 3878 rectiorem
1638 3813 1836 3903 proponeret
1861 3807 1926 3881 do·

259 3926 420 4016 ctrinam,
454 3932 489 4008 et
513 3924 719 4017 ostenderet,
753 3923 913 4021 quomodo
938 3924 973 3995 in
1000 3924 1099 3996 rebus
1124 3923 1262 4019 singulis
1286 3923 1462 4019 gignendis
1486 3933 1520 3998 et
1545 3925 1723 3997 formandis
1748 3925 1920 4000 universae

268 4125 441 4146 Q

303 4242 344 4313 ⁴⁸)
360 4242 496 4299 Phaedon.
513 4261 539 4313 p.
556 4249 600 4300 62.
617 4241 654 4306 sic
668 4245 701 4300 ir
714 4263 767 4299 τινι
781 4246 894 4320 φρουρᾷ
908 4243 993 4318 ἔσμεν
1008 4247 1036 4299 οἱ
1050 4238 1205 4319 ἅνθρωποι.

302 4359 343 4430 ⁴⁰)
360 4362 433 4417 Cret.
452 4380 477 4430 p.
494 4364 554 4415 4⁰⁰.
574 4364 657 4431 Gorg.
675 4380 701 4431 p.
719 4365 778 4416 498.
795 4362 845 4416 Est
862 4364 1010 4418 notissimos
1027 4364 1069 4418 ille
1083 4363 1158 4416 tusus
1175 4364 1200 4418 ln
1217 4362 1301 4418 verbis
1318 4363 1400 4435 σῶμα
1420 4368 1449 4417 et
1470 4362 1554 4434 σῆμα.

305 4474 344 4547 “)
362 4480 552 4534 celeberrimus
571 4488 612 4536 est
627 4483 701 4537 leons
718 4495 773 4550 rep.
791 4481 850 4548 vll,
869 4499 893 4550 p.
910 4485 970 4536 514.

78 4654 83 4663 ,
208 4584 211 4589 ’
305 4594 343 4664 ¹¹)
360 4596 428 4651 Tim.
445 4617 471 4668 p.
488 4604 531 4653 30.
549 4603 591 4654 34.

307 4711 450 4783 ⁸²)1V,e,
468 4720 493 4770 on
511 4717 553 4770 Ad
570 4718 679 4772 eundem
696 4719 823 4773 mttonenr
841 4719 919 4772 etism
932 4717 1106 4786 Empedocles
1124 4725 1152 4772 et
1163 4718 1313 4777 Homolitee
1328 4719 1427 4776 reione
1442 4719 1540 4784 studet,
1557 4730 1637 4784 quum
1653 4721 1726 4771 recte
1742 4684 1876 4785 uenisset,
1893 4717 1921 4773 tn

363 4799 442 4854 aba·
458 4803 566 4871 degn&
582 4805 776 4859 contemnendis
792 4819 851 4858 eun
861 4805 917 4932 pitis
933 4804 1071 4859 Platonem
1088 4804 1184 4859 lacere.

373 5125 381 5167 l
545 5128 562 5169 Χ
