4386 5618
1047 434 1197 511 sle

232 639 357 722 dictum
382 649 474 719 esset
496 666 594 743 qnam
618 641 693 717 boc.
708 634 761 734 ¹⁵⁴)
821 638 930 716 Simul
955 664 1033 712 vero
1060 640 1183 730 sensit,
1215 637 1385 730 notiones,
1418 663 1502 738 quae
1527 639 1807 716 nouvarietatsm
1833 640 1902 717 uli·

231 793 329 866 qnanr
356 790 466 838 rerum
491 765 707 853 continerent,
740 760 850 833 nullas
875 785 963 851 esse,
988 761 1109 858 plurali
1134 760 1234 856 igitur
1257 782 1392 831 numero
1416 763 1606 833 necessario
1630 762 1740 835 locurn
1766 787 1840 836 esse
1864 764 1900 837 iu

230 889 381 962 omnibus
406 909 516 958 rerurn
539 883 743 957 sensibilium
767 881 961 977 generibus,
994 906 1092 978 quum
1116 904 1183 954 non
1215 879 1321 952 solum
1354 903 1477 975 genera
1504 904 1545 953 ac
1570 882 1698 978 species
1724 885 1900 957 maximum

231 1007 268 1080 in
292 1030 332 1080 se
353 1006 513 1078 baberent
535 1002 772 1075 individuorum
796 1001 1005 1096 varietatem,
1039 1001 1098 1075 sed
1125 1002 1222 1074 etiarn
1248 998 1415 1072 individua
1438 1000 1532 1097 ipsa,
1567 999 1649 1074 adeo
1674 1003 1804 1100 singula
1827 1004 1900 1094 eius

231 1127 379 1199 membra
402 1124 544 1197 similem
569 1123 762 1196 exhiberent
785 1121 993 1212 vatietutem3
1018 1122 1108 1214 hino,
1134 1121 1199 1193 nisi
1224 1119 1335 1211 lallor,
1362 1120 1550 1218 explicavit,
1576 1121 1663 1217 quod
1681 1123 1898 1198 membrorum

230 1246 364 1320 numina
387 1269 488 1343 saepe
514 1251 571 1317 aut
595 1251 671 1317 sunt
694 1242 837 1341 pluralia
861 1249 986 1314 tanturn
1011 1249 1069 1314 aut
1092 1242 1127 1313 iu
1152 1241 1274 1339 plurali
1297 1240 1376 1338 poni
1400 1248 1656 1333 consueverunt,
1688 1243 1833 1339 quamvis
1857 1242 1902 1318 de

229 1391 295 1440 auo
319 1373 445 1439 tanturn
471 1365 616 1437 membro
641 1370 770 1459 agatur.
786 1358 838 1456 ¹⁶⁶)
889 1361 1004 1435 Etiam
1030 1361 1107 1460 quid
1131 1361 1307 1434 interesset
1330 1361 1417 1431 inter
1442 1362 1675 1433 substantivum
1700 1363 1834 1437 verbale
1865 1370 1901 1437 st

229 1487 432 1578 infinitivum,
458 1487 543 1557 bene
567 1490 798 1581 perspexerat3
824 1483 982 1581 temporis
997 1483 1083 1555 enim
1108 1483 1286 1573 notionem,
1313 1503 1397 1578 quae
1413 1504 1543 1578 semper
1567 1481 1763 1556 adhaereret
1786 1483 1901 1556 inlini-

230 1609 317 1701 tivis,
343 1630 479 1706 quorum
504 1605 689 1702 exemplum
714 1602 810 1674 all’ert
833 1610 1131 1701 μεταβεβληκέναι,
1160 1602 1195 1675 in
1220 1601 1404 1691 nominibus
1430 1600 1628 1693 verbalibus,
1654 1608 1691 1672 ut
1713 1608 1897 1704 μεταβολή,
2024 1614 2027 1619 ’

228 1750 296 1801 non
317 1728 430 1800 inesse
451 1724 549 1814 dixit3
563 1719 618 1818 ¹³)
645 1721 886 1796 contradiceret
909 1721 1010 1817 igitur
1026 1721 1125 1794 etiam
1149 1722 1230 1815 illis,
1256 1723 1312 1819 qui
1334 1720 1525 1793 inlinitimm
1549 1721 1783 1794 substantivum
1807 1722 1899 1795 verbi

231 1846 344 1921 dicere
358 1848 478 1936 solent,
496 1851 530 1916 et
544 1841 709 1916 inlinitisis
723 1866 840 1942 puram
855 1841 1260 1935 actionem‚‚substantivis
1276 1866 1392 1940 purum
1406 1847 1527 1915 statum
1540 1841 1679 1939 exprimi
1693 1840 1903 1915 doceret.-

228 1966 406 2041 Adiectiva
431 1964 545 2055 multa,
571 1962 648 2061 quia
672 1963 763 2035 notio
790 1985 902 2033 eorum
927 1962 1093 2035 mutabilis
1117 1963 1288 2060 minusque
1314 1969 1407 2036 certa
1425 1968 1526 2053 esset,
1551 1962 1702 2053 relativa,
1728 1969 1765 2033 ut
1785 1985 1902 2059 grann-

231 2087 343 2159 matici
369 2085 508 2176 dicunt,
526 2083 607 2168 vidit
630 2106 717 2172 esse,
731 2075 785 2174 151)
811 2080 897 2178 qnod
922 2082 953 2155 si
977 2082 1083 2178 magis
1108 2091 1323 2180 persequutus
1349 2089 1450 2174 esset,
1476 2080 1666 2175 invenisset,
1693 2081 1778 2177 quod
1802 2084 1921 2155 nemo

230 2204 519 2303 grammaticorum
544 2201 634 2293 vidit,
670 2199 780 2272 omnia
806 2200 968 2273 allectiva
992 2202 1028 2272 in
1054 2201 1135 2274 duas
1161 2202 1331 2275 discedere
1357 2202 1503 2292 classes,
1539 2200 1747 2273 absoluta
1773 2209 1807 2272 et
1832 2225 1901 2275 re-

230 2325 388 2415 lativa,
422 2345 558 2420 quorum
582 2320 650 2391 illis
677 2320 834 2406 attributa
857 2320 1066 2412 necessaria,
1102 2345 1185 2418 quae
1212 2320 1254 2392 ad
1279 2321 1386 2417 ipsam
1410 2320 1461 2392 rei
1486 2320 1652 2393 notionem
1683 2319 1899 2394 deliniendam

228 2444 413 2543 pertinent,
442 2442 496 2512 bis
527 2440 698 2511 mutabilia
730 2439 901 2536 minusque
932 2438 1066 2510 definita
1096 2440 1299 2529 indicantnr3
1332 2438 1418 2536 qnod
1444 2439 1620 2513 discrimen
1646 2440 1902 2517 etiam'divcrss

193 2554 195 2559 ’
230 2561 485 2658 comparationis
509 2559 638 2628 ratione
660 2557 888 2641 confirmatur3
913 2581 1002 2644 num,
1029 2556 1126 2649 quum
1151 2559 1211 2626 illa
1230 2583 1296 2627 non
1321 2557 1463 2629 forment
1488 2560 1741 2655 comparationis
1765 2561 1901 2656 gradus,

230 2682 315 2754 baec
340 2678 412 2751 sola
438 2674 716 2771 comparationem
742 2671 941 2744 adsciscunt.
1000 2669 1071 2744 Sed
1095 2680 1187 2744 recte
1212 2672 1386 2764 Plotinus,
1417 2674 1467 2744 uti
1497 2697 1665 2748 numerum
1701 2677 1901 2773 singularem

229 2800 351 2901 plurali
372 2795 564 2893 ampliorem
590 2800 625 2893 et
648 2791 879 2890 perfectiorem
912 2791 1147 2888 quodammodo
1172 2792 1237 2864 viru
1262 2791 1385 2864 habere
1410 2793 1567 2888 putabat,
1601 2795 1651 2867 sic
1677 2796 1776 2868 etiarn
1801 2799 1899 2895 posi·

229 2923 296 2995 tivo
319 2917 498 3017 perfectius
525 2912 647 3011 aliquid
672 2921 707 2985 et
731 2911 899 3009 augustius
926 2912 1088 2984 enuntiari
1114 2910 1322 3004 existimavit,
1353 2935 1451 3009 quarn
1475 2913 1695 3009 compseratiro
1721 2923 1755 2987 et
1779 2940 1901 3015 super·

228 3034 408 3132 lntivo,¹⁶⁸)
434 3035 489 3133 qui
515 3033 635 3130 gradus
660 3056 738 3125 non,
763 3033 812 3104 uti
837 3032 1006 3129 positivus,
1033 3033 1228 3124 absolutum,
1254 3031 1313 3103 sed
1339 3033 1583 3129 comparatione
1609 3032 1812 3108 debilitatam
1834 3037 1901 3112 bn·

231 3162 311 3234 bent
335 3158 516 3244 notioncm3
550 3154 763 3251 quamobrem
784 3154 867 3224 bene
896 3151 1089 3243 observavit,
1116 3177 1182 3224 non
1210 3151 1308 3223 ruodo
1334 3152 1565 3249 superlativum
1589 3159 1624 3225 et
1646 3158 1901 3253 comparativum

232 3301 333 3377 saepe
357 3277 444 3350 iuter
469 3299 506 3348 se
530 3273 729 3372 permutari,
744 3267 796 3365 ιω1
831 3270 889 3342 scd
916 3270 1015 3342 etiam
1039 3294 1151 3342 eorurn
1177 3270 1420 3362 adiectivorum,
1454 3296 1539 3368 quae
1561 3264 1637 3345 virn'
1650 3275 1757 3348 minus
1781 3276 1902 3351 delini·
1977 3316 1985 3325 ·

273 3528 373 3599 ι*1)11,
391 3531 417 3593 4,
438 3532 478 3581 111.
495 3555 528 3568 -·
553 3527 694 3581 collectiva
712 3539 789 3592 quum
815 3485 966 3576 similitunem
984 3521 1096 3576 babeant
1114 3525 1203 3590 plurali
1221 3525 1362 3588 notionem,
1389 3524 1415 3577 lu
1436 3525 1587 3590 quibusdam
1609 3528 1701 3596 linguis
1720 3532 1824 3599 pluralis
1845 3535 1901 3590 risa

335 3615 487 3682 saepissime
512 3614 666 3678 iunguntur,
690 3610 759 3676 quod
780 3617 807 3662 et
830 3611 854 3662 in
877 3610 975 3673 tractu,
1002 3624 1078 3674 quern
1101 3609 1204 3674 dieunt,
1227 3610 1342 3662 Arabum
1369 3610 1475 3676 plurali,
1495 3610 1577 3677 (quae
1602 3613 1717 3673 derivata
1739 3622 1825 3684 potins
1850 3635 1900 3674 na-

335 3700 404 3753 mina
422 3707 482 3750 suut
499 3712 575 3762 quam
594 3698 724 3749 nominum
745 3694 856 3759 termae)
879 3701 905 3745 et
926 3694 949 3745 in
970 3694 1150 3745 terminatione
1169 3695 1211 3746 illa
1231 3696 1334 3760 liuguae
1352 3694 1505 3759 Hebraicse,
1522 3712 1590 3762 quae
1606 3702 1696 3766 plurali
1715 3701 1837 3757 lerniniuo
1857 3713 1901 3759 at·

334 3782 412 3838 tribui
428 3783 505 3847 solet,
528 3795 636 3834 cernere
654 3779 768 3847 poteris;
792 3793 852 3830 narn
869 3776 933 3829 baec
950 3777 1009 3829 nibil
1029 3786 1070 3829 est
1086 3778 1135 3830 nisi
1157 3780 1291 3831 collectiva
1313 3780 1398 3845 aliqua
1417 3779 1602 3836 denominatio.

273 3887 324 3956 Μ)
342 3888 390 3952 vr,
410 3891 437 3950 r,
458 3886 546 3937 11-
567 3881 626 3933 Huc
641 3881 753 3948 pertinet
764 3880 912 3932 notissimus
925 3877 968 3930 ille
983 3894 1053 3941 usus,
1075 3895 1126 3944 quc
1138 3881 1245 3932 dicimus
1262 3881 1431 3946 eervlees‚
1453 3898 1573 3947 nares,
1595 3887 1806 3953 praecordia,
1827 3889 1898 3955 illa,

336 3972 466 4035 fauces,
494 3970 611 4041 ςρέιεεςς
642 3965 709 4033 apud
731 3965 850 4016 Graecos
876 3970 971 4029 poetae
988 3964 1149 4032 potissimum
1166 3966 1332 4033 decerperis
1351 3967 1472 4019 membris
1490 3968 1626 4032 loquentes
1648 3972 1771 4037 pluralem
1790 3982 1900 4042 ponuat,

335 4064 365 4108 ut
377 4050 523 4129 πρόσωπα,
536 4050 659 4123 αὐχένες,
671 4043 768 4116 στήθη,
781 4041 931 4117 γενειάδες,
944 4050 1048 4120 torpet,
1060 4050 1140 4120 ῥινοί,
1155 4065 1207 4116 qua
1219 4048 1252 4103 de
1264 4064 1293 4103 re
1304 4049 1337 4102 et
1352 4049 1527 4105 llernlrard
1534 4068 1551 4119 y
1568 4053 1672 4122 liuguae
1686 4072 1724 4123 gr.
1740 4064 1806 4124 aput
1821 4076 1846 4126 p.
1854 4060 1898 4112 6⁴.

276 4156 322 4223 υο)
339 4155 386 4219 vl,
404 4159 429 4219 1,
448 4158 489 4206 rs.

243 4288 248 4297 ,
274 4260 321 4324 ”p
338 4258 383 4322 vr,
400 4260 426 4321 u,
444 4259 486 4307 ιι.

275 4356 432 4431 ssa)'v1‚3,
451 4359 491 4408 11.
516 4352 602 4409 καλὸν
617 4353 671 4425 μὲν
687 4352 749 4410 aab’
768 4351 849 4408 deusd
868 4352 914 4407 aul
931 4352 1022 4420 nostr,
1040 4350 1154 4411 scilleos
1171 4354 1203 4412 dl
1219 4356 1274 4411 scir
1290 4352 1359 4431 πρός
1371 4375 1406 4411 rr.
1424 4384 1456 4395 -
1477 4355 1542 4412 midi
1558 4355 1588 4412 sd
1602 4360 1699 4430 μεῖζον
1715 4357 1784 4423 ὅλως
1797 4360 1834 4416 ais
1847 4365 1899 4435 sip,

338 4443 377 4520 peip
393 4435 517 4514 μεγάλου
534 4434 620 4507 ὄντος,
639 4437 730 4513 ὥσπερ
748 4438 812 4495 obst
828 4434 952 4505 arditius,
970 4437 1009 4512 μὴ
1026 4442 1120 4494 καλοῦ.

277 4526 328 4616 Μ’)
345 4548 430 4611 Quum
448 4558 528 4611 saepe
545 4539 577 4595 ui
594 4536 713 4613 πρότερα
731 4548 756 4594 ε1
774 4538 807 4595 τά
823 4541 917 4613 πρῶτά
936 4543 1080 4608 promiscue
1097 4526 1280 4611 usurpavisset,
1296 4558 1349 4597 une
1366 4550 1453 4597 tamen
1470 4543 1529 4596 loco
1546 4551 1681 4611 utrumque
1697 4547 1838 4618 distinguit,
1855 4551 1901 4618 Vl,

300 4674 313 4703 a
337 4639 364 4691 2.
378 4635 417 4682 13.
434 4635 460 4679 et
475 4629 578 4679 diceus:
596 4621 745 4698 ἔνυπάρχεε
760 4624 794 4678 τά
808 4621 895 4697 rigum
910 4625 942 4677 lv
957 4633 1013 4687 τοῖς
1026 4631 1177 4699 προτέροις,
1194 4625 1248 4691 άςε
1266 4628 1297 4682 lv
1310 4629 1364 4698 pls
1377 4633 1433 4686 τοῖς
1450 4624 1567 4701 πρώτοις
1580 4629 1630 4685 οὐκ
1643 4627 1679 4685 cir
1692 4643 1900 4709 εαταρεθμοΐτε,

338 4716 438 4786 prims
461 4727 546 4765 rerum
565 4726 662 4778 genera
679 4717 751 4762 vetat
767 4726 826 4764 cum
850 4712 1023 4778 prioribus
1047 4714 1182 4778 contundi,
1206 4728 1282 4779 quum
1302 4714 1386 4779 priora
1408 4728 1511 4781 semper
1528 4716 1562 4767 ad
1580 4718 1724 4785 posteriora
1746 4720 1901 4786 serenans,

339 4801 417 4866 prima
436 4812 486 4848 nou
505 4797 537 4848 ad
555 4795 605 4847 slis
624 4797 705 4847 relata
723 4796 770 4848 sed
789 4811 835 4863 per
852 4811 882 4848 ss
899 4797 1085 4850 consideranda
1103 4800 1163 4850 siut.
1197 4798 1272 4850 llaec
1290 4806 1330 4851 est
1347 4799 1506 4866 amplissima
1523 4803 1596 4868 qussi
1613 4803 1762 4870 superlativi
1780 4805 1827 4871 vis,
1849 4820 1901 4872 qus

339 4898 391 4939 aon
402 4881 594 4949 comparationi
611 4886 711 4933 mutum
727 4881 841 4948 hamis,
855 4881 906 4934 sed
922 4883 973 4936 vira
989 4882 1095 4952 positivi
1110 4897 1173 4937 rara
1189 4889 1365 4950 asperasque
1381 4883 1498 4938 tetendit.
