4386 5618
1067 401 1117 474 ll

974 501 1213 521 —q—-ss—

259 637 332 692 ιιιι
353 610 496 688 omnium
513 609 712 700 notionibus,
747 630 828 704 quas
849 602 989 703 quinquo
1012 604 1118 703 ponit,
1152 602 1249 694 entis,
1282 600 1439 695 eiusdem,
1473 604 1620 699 alterius,
1651 614 1770 702 motus,
1802 616 1921 707 status,

259 760 325 835 qua
341 736 376 808 iu
393 734 532 807 matoria
547 740 614 804 tres
632 731 701 802 eins
717 727 795 799 libri
813 734 996 818 versantur,
1023 722 1128 823 (Em
1145 721 1213 816 VI,
1242 724 1356 816 1-3.)
1382 723 1533 798 Platonis
1553 728 1865 828 sequiturvestigia3
1879 728 1920 826 ¹²)
1965 756 1975 763 ·
2025 748 2028 753 ’

257 856 313 931 nio
327 855 413 929 enim
427 855 463 925 in
475 852 645 950 sophista,
659 844 700 946 ιΒ)
726 856 762 921 ιι
780 845 1006 921 Eleaticorum
1031 843 1214 917 doctrinam
1236 842 1406 916 refelleret
1429 844 1546 940 iisque,
1573 849 1658 942 quod
1672 850 1728 921 isti
1743 855 1922 948 negabant,

174 959 178 965 ⁵
259 976 392 1061 omniuo
414 996 511 1072 posse
538 969 661 1066 aliquid
682 969 779 1042 sbuul
801 975 835 1040 et
856 990 929 1040 esse
947 974 981 1040 et
995 989 1061 1037 non
1077 988 1150 1038 essa
1163 964 1362 1068 estenderet,
1388 973 1603 1061 proposuerat
1617 970 1765 1043 notiones
1781 974 1925 1069 primum
2034 983 2038 991 “

256 1103 406 1172 motuset
422 1101 539 1184 status,
553 1099 621 1163 tum
638 1089 782 1162 ciusdem
794 1096 828 1162 et
842 1087 990 1179 alterius,
1014 1109 1097 1182 quaa
1114 1084 1262 1181 singulae
1280 1085 1409 1181 quidem
1423 1085 1472 1156 ito
1485 1085 1571 1159 inter
1584 1109 1620 1158 se
1635 1087 1782 1162 diversae
1799 1100 1923 1187 essent,

256 1224 306 1308 ut,
332 1213 416 1311 quod
436 1220 525 1286 esset
540 1212 640 1302 idem,
657 1210 755 1283 simul
766 1233 832 1282 nou
850 1215 939 1282 esset
958 1208 1109 1297 alterum,
1136 1204 1222 1302 quod
1241 1205 1426 1301 quiescens,
1452 1231 1519 1277 uon
1533 1205 1633 1278 etiam
1647 1217 1782 1302 motmn,
1808 1236 1921 1284 omues

256 1359 333 1409 roro
356 1334 416 1408 sub
440 1358 538 1407 uuum
563 1356 679 1428 genus,
706 1355 817 1403 eorum
839 1329 980 1420 scilicet,
1008 1349 1091 1422 quae
1108 1333 1231 1417 essent,
1254 1324 1422 1419 caderem,
1448 1334 1483 1398 et
1498 1327 1544 1397 ita
1559 1350 1633 1398 vere
1650 1329 1747 1400 simul
1765 1340 1875 1403 essent
1888 1340 1924 1405 et

255 1478 323 1530 non
343 1461 468 1529 esseut.
517 1453 615 1525 llaec
636 1451 849 1547 sagacissime
869 1449 916 1521 ita
937 1447 1090 1521 Plotinus
1111 1443 1364 1542 interpretatur,
1398 1452 1434 1516 ut
1456 1446 1596 1544 quinque
1617 1447 1694 1520 illas
1714 1451 1864 1524 notiones
1889 1460 1924 1525 et

259 1576 379 1661 montis
405 1573 589 1647 actionibus
615 1581 648 1644 ot
672 1571 922 1644 omniuorebus
963 1568 1112 1641 omnibus
1135 1568 1272 1638 subesse
1297 1564 1509 1658 demonstret,
1535 1574 1570 1638 et
1590 1591 1664 1639 esse
1684 1568 1815 1664 quidem
1839 1572 1926 1644 inter

257 1719 296 1781 sa
319 1695 478 1785 diuersm,
503 1689 563 1771 sed
583 1716 681 1787 quom
702 1691 739 1762 in
760 1688 971 1762 menteznilril
993 1712 1070 1761 uere
1090 1687 1252 1759 diversum
1274 1685 1331 1777 sit,
1356 1684 1416 1757 sed
1438 1685 1637 1781 cogitatione
1659 1694 1784 1761 tantum
1806 1690 1926 1787 singu-

261 1814 318 1889 lae
333 1814 452 1885 mentis
461 1812 616 1884 'acfiones
633 1818 667 1882 et
683 1809 776 1905 quasi
790 1817 906 1905 partos.
920 1808 1158 1900 discernantur,
1177 1807 1275 1881 simul
1287 1828 1362 1878 esse
1379 1804 1524 1898 easdem,
1549 1806 1598 1878 ita
1613 1813 1651 1879 ut
1666 1832 1758 1881 mens
1771 1808 1816 1881 sit
1829 1835 1926 1883 com·

258 1955 355 2005 mune
369 1929 464 2022 illud,
488 1954 550 2025 quo
569 1928 808 2020 contineantur,
835 1928 1009 2002 uinculum.
1060 1926 1377 2001 Luculentissimum
1390 1926 1454 2000 boc
1468 1934 1520 1999 est
1535 1928 1732 2024 exemplum,
1759 1952 1822 2027 quo
1836 1929 1925 2005 Plo-

260 2050 322 2125 tini
335 2050 496 2122 rationem
510 2073 685 2144 agnoscas,
711 2057 745 2121 et
761 2048 790 2120 si
807 2049 879 2143 quis
892 2050 993 2120 uerba
1007 2049 1113 2144 mags
1128 2073 1225 2145 quam
1239 2048 1400 2120 internam
1413 2047 1647 2120 sententiarum
1668 2048 1731 2120 rim
1753 2051 1925 2148 respiciat,

260 2169 292 2243 is
306 2169 407 2243 facile
424 2167 546 2265 poterit
557 2168 592 2239 iu
608 2167 776 2248 Plotinum
788 2167 908 2258 invehi,
935 2167 1021 2262 quod
1033 2169 1209 2240 Platonem
1231 2192 1324 2240 suum
1340 2175 1397 2239 out
1419 2167 1506 2238 mule
1522 2167 1722 2241 intellexerit
1746 2178 1803 2242 aut
1817 2172 1925 2244 verbis

261 2289 333 2367 aius
349 2312 409 2385 pro
427 2286 563 2361 arbitrio
584 2310 676 2359 sumu
700 2286 735 2361 iu
760 2310 852 2357 usum
877 2287 998 2357 abusus
1012 2285 1137 2375 fuerit,
1159 2310 1237 2356 nam
1254 2286 1353 2356 Plato
1374 2286 1442 2358 ills
1467 2285 1655 2361 notionibus
1673 2311 1742 2360 non
1759 2290 1827 2362 alio
1843 2312 1926 2363 sano

259 2408 400 2491 consilio
421 2405 568 2477 rideatur
589 2429 667 2476 usus
690 2404 806 2494 fuisse,
832 2405 898 2474 nisi
912 2411 948 2474 ut
968 2404 1145 2494 euinceret,
1171 2427 1269 2499 posse
1292 2404 1414 2501 aliquid
1434 2412 1468 2477 et
1480 2428 1555 2476 esse
1574 2413 1609 2477 et
1624 2430 1691 2478 non
1707 2431 1794 2500 esse,
1819 2433 1926 2506 neque

263 2527 414 2617 omnino,
441 2524 471 2596 si
488 2523 565 2618 quid
579 2547 646 2593 non
661 2546 735 2595 esse
748 2522 932 2611 diceretur,
957 2521 1023 2592 boo
1048 2520 1091 2591 od
1106 2523 1221 2615 ipsam
1233 2523 1285 2595 rei
1296 2532 1447 2611 naturam
1471 2548 1545 2597 esse
1559 2524 1778 2620 referendum,
1803 2529 1862 2602 sed
1880 2531 1928 2603 ita
1950 2518 1952 2523 ¹

262 2653 387 2721 tontum
402 2639 660 2733 intelligeudmn,
684 2645 790 2710 utres
801 2637 912 2731 aliqua
928 2641 1115 2731 propteroa,
1136 2637 1222 2730 quod
1245 2647 1334 2707 esset
1353 2640 1487 2735 aliquid,
1514 2642 1603 2712 oliud
1626 2644 1749 2739 aliquid
1771 2670 1846 2720 osse
1862 2672 1927 2721 no-

261 2769 412 2862 garetum
437 2758 592 2831 Plotiuus
609 2780 684 2829 uero
698 2779 740 2829 ox
755 2756 830 2854 ipsa
844 2755 963 2827 mentis
979 2761 1098 2826 nature
1115 2762 1212 2852 atque
1227 2755 1337 2828 indole
1351 2758 1434 2831 boec
1448 2759 1605 2852 illustrat,
1621 2769 1658 2833 ut
1672 2765 1834 2858 ostendat,
1853 2766 1927 2839 dis.

263 2883 388 2959 crimen
403 2878 512 2969 istud,
538 2877 649 2973 quoin
665 2875 784 2949 mundo
793 2875 950 2949 :sensibili
973 2874 1121 2970 singulae
1135 2875 1223 2948 iuter
1237 2899 1275 2948 se
1291 2899 1347 2949 res
1362 2877 1595 2973 distineantur,
1621 2881 1656 2952 iu
1669 2892 1779 2957 mente
1793 2886 1845 2958 sui
1861 2886 1926 2959 sibi

262 3001 398 3079 conscio
420 2998 545 3073 nullum
568 3021 661 3090 esse,
689 3004 723 3071 at
741 2996 909 3088 notiones,
944 3020 1025 3092 quas
1045 2995 1219 3090 cogitando
1244 2997 1354 3069 animo
1378 2997 1610 3094 informemus,
1640 3001 1787 3077 diuersas
1809 3007 1928 3078 mentis

264 3123 360 3221 quasi
373 3121 498 3193 unitate
513 3116 745 3215 comprehendi
762 3124 796 3189 et
816 3116 982 3212 coniungi.
1034 3113 1226 3188 Sednonne
1248 3117 1348 3188 etiam
1359 3118 1415 3190 bic
1437 3120 1596 3211 dicamus,
1620 3119 1790 3194 Plotinum
1805 3126 1929 3198 rectis·

264 3244 346 3318 sime
360 3239 579 3339 perspexisse,
595 3263 659 3333 quo
672 3237 772 3310 Plato
788 3232 987 3308 tetenderitf
1012 3259 1088 3306 ιιιιι
1102 3236 1149 3306 nti
1166 3235 1270 3307 multa
1281 3236 1390 3308 multis
1403 3235 1515 3309 insunt
1527 3237 1680 3312 Platonis
1694 3242 1805 3336 dictis,
1832 3269 1928 3340 quae,

266 3387 364 3461 quum
389 3358 641 3456 inspiciebamus
668 3357 819 3455 primum,
853 3354 947 3427 nobis
973 3378 1038 3426 nou
1064 3355 1255 3428 videbantur
1279 3356 1402 3449 inesse,
1436 3357 1486 3429 sie
1511 3359 1718 3456 perspicuum
1743 3370 1807 3455 est,
1840 3362 1929 3437 Pla-

265 3490 389 3572 tonem,
422 3501 519 3575 quum
542 3477 608 3551 ista
634 3483 825 3574 exponeret,
856 3496 945 3565 vere,
976 3481 1014 3546 ut
1037 3473 1086 3544 ita
1110 3472 1230 3566 dicam,
1264 3476 1418 3547 ruentis
1407 3500 1442 3547 m
1467 3479 1622 3571 mysteria
1646 3482 1869 3577 penetrarisse
1895 3492 1929 3556 et
1972 3491 1976 3495 ’
2077 3520 2083 3527 -

264 3597 482 3690 intellexisse,
507 3603 648 3668 mentem
674 3605 776 3688 certe,
804 3594 879 3665 dmn
905 3592 1040 3690 cogitet,
1067 3592 1162 3664 simul
1187 3593 1356 3689 quiescere
1374 3602 1409 3667 et
1433 3597 1568 3690 moueri,
1594 3599 1691 3672 simul
1707 3626 1749 3674 ex
1774 3626 1811 3676 sa
1833 3602 1929 3701 quasi

266 3719 427 3797 excedere
454 3723 488 3800 et
503 3715 538 3785 in
557 3736 595 3785 se
619 3715 764 3829 manere,
791 3713 935 3821 quamuis
960 3735 1015 3785 res
1040 3711 1157 3788 mentis
1183 3710 1334 3811 expertes
1358 3694 1455 3786 modo
1483 3715 1665 3812 quiescant,
1691 3721 1788 3793 modo
1814 3748 1929 3796 more-

266 3848 374 3932 autur,
401 3843 435 3910 et
460 3832 610 3929 singulae
633 3821 721 3905 inter
745 3857 781 3904 se
807 3834 1018 3905 distent-
1041 3830 1168 3904 Multus
1193 3839 1244 3904 est
1268 3830 1456 3906 Plotiuus
1445 3858 1481 3908 nr
1506 3822 1698 3934 exponendo
1721 3862 1928 3917 numerorum

265 3959 377 4033 indole
403 3979 444 4028 ac
464 3963 602 4046 nature,
635 3978 764 4049 quos
748 3974 816 4023 nou
840 3976 949 4026 meros
975 3952 1044 4025 sive
1067 3951 1218 4027 notiones
1242 3951 1310 4024 sire
1334 3952 1497 4049 inmagines
1522 3980 1544 4026 a
1566 3957 1700 4030 rebus
1689 3957 1771 4056 rpsis
1796 3962 1929 4057 cogita·
2004 4050 2011 4057 ἱ
2114 4002 2126 4019 ·

266 4079 356 4156 tione
390 4082 581 4171 segregatas
607 4081 703 4171 atque
730 4072 912 4144 abstractas
937 4073 1085 4168 putabat,
1117 4071 1212 4143 sed
1201 4094 1267 4143 ram
1292 4072 1334 4143 ab
1358 4072 1489 4145 initio
1478 4098 1513 4145 ur
1537 4084 1646 4149 mente
1672 4078 1780 4152 divium
1803 4082 1930 4154 substi-

266 4203 370 4292 tisse,
402 4193 489 4268 nude
519 4192 757 4291 profluentes
746 4191 995 4265 insensibilem
1017 4190 1104 4263 bano
1137 4214 1247 4264 rermn
1280 4191 1524 4267 uniuersitatem
1549 4198 1601 4269 sui
1626 4198 1780 4297 ubique
1768 4200 1931 4311 nnagines

267 4317 426 4423 quasdam
459 4314 691 4410 expresserint.
742 4309 799 4387 Ita
831 4312 919 4385 enim
951 4318 985 4385 et
1017 4296 1181 4408 sceptieos
1212 4334 1250 4386 se
1283 4312 1505 4389 arbitrabatur
1534 4316 1688 4392 refellere
1717 4343 1835 4419 posse,
1876 4321 1931 4420 qui

313 4652 348 4724 ι’)
364 4651 532 4709 Potissimum
546 4648 676 4703 mmmm
694 4647 825 4703 Ennesdis
843 4656 934 4704 sextas
950 4650 1015 4705 liber
1031 4651 1080 4706 buc
1095 4654 1221 4722 μιιιιιι,
1243 4654 1270 4710 ln
1284 4669 1338 4724 quo
1354 4654 1458 4712 disertis
1475 4656 1561 4713 verbo
1575 4659 1725 4728 prodeatur,
1751 4661 1822 4732 (Vl,
1839 4665 1872 4730 8,
1890 4663 1931 4732 1.)

371 4753 403 4792 se
419 4739 506 4793 omnia
521 4738 587 4791 selle
604 4735 637 4788 ad
654 4735 772 4790 Platonis
790 4735 887 4791 redens
902 4738 1069 4794 seutentiam.

310 4839 346 4908 ¹³)
364 4838 446 4909 Sopb.
463 4856 490 4907 p.
506 4841 581 4894 bot·
592 4841 651 4892 258.
671 4837 710 4892 St.

1646 4930 1669 4994 2
1682 4930 1701 4970 s
