4386 5618
1078 406 1127 478 sl

986 502 1225 519 m

272 618 375 695 mixta
406 637 502 707 esse,
535 616 630 712 putat
652 631 719 683 non
743 607 808 682 lroe
832 605 974 681 voluisse
1000 607 1142 701 rloeere,
1177 630 1254 681 vere
1280 607 1410 705 singula
1436 633 1582 707 quaeque
1610 611 1843 683 elersentornm
1869 607 1937 682 eli-

272 760 369 836 quam
402 733 576 809 mixmruin
608 729 792 822 emendare,
827 728 888 802 sed
912 737 1056 801 mutuam
1080 735 1205 800 tantum
1231 729 1462 801 elementorum
1488 732 1574 803 inter
1599 756 1635 803 se
1661 733 1697 802 in
1722 740 1790 804 toto
1816 729 1937 803 mundo

272 856 531 934 convenientiam
554 850 765 941 indicavisse,
778 844 820 941 “)
846 872 952 946 neque
973 849 1159 944 negavisse,
1185 849 1285 921 etiarn
1310 850 1441 945 singula
1466 852 1627 922 elementa
1651 877 1734 947 pura
1757 860 1853 947 atque
1868 850 1937 921 im·

271 979 375 1053 mixta
398 998 496 1073 posse
521 979 690 1060 eonstare;
716 992 780 1066 qus
793 969 829 1040 in
854 969 1017 1042 sententia
1040 969 1196 1040 Platonis
1218 970 1380 1041 rationem
1402 969 1456 1041 vix
1482 979 1652 1049 assecutus
1680 981 1744 1060 est3
1770 972 1825 1044 lrie
1849 970 1936 1042 enirn

272 1098 344 1173 sine
370 1096 493 1171 dnobus
519 1093 593 1165 istis
614 1089 782 1186 numeris
808 1088 996 1180 elementis,
1031 1088 1107 1182 igne
1133 1095 1168 1159 et
1192 1096 1293 1180 terra,
1329 1113 1412 1184 quaa
1438 1089 1563 1162 (luobus
1591 1091 1665 1161 aliis
1688 1090 1818 1181 inediis,
1852 1111 1940 1184 aqua

253 1226 307 1305 ,et
331 1221 420 1308 a'e‘re,
443 1214 530 1284 inter
554 1234 592 1283 se
616 1209 824 1304 aepulentur,
856 1209 939 1280 nilril
963 1208 1093 1281 omnino
1119 1207 1211 1302 gigni
1234 1231 1332 1305 posse
1358 1215 1392 1279 et
1417 1209 1496 1279 oriri
1521 1211 1653 1282 disertis
1679 1209 1787 1280 serbis
1812 1208 1962 1309 alaeue--

271 1342 336 1410 rat.
352 1329 393 1426 ⁶⁵)
445 1330 563 1429 Neque
589 1329 707 1401 melius
733 1336 795 1420 est,
822 1327 908 1426 quod
934 1344 976 1402 en
1001 1327 1109 1399 verbis
1122 1325 1286 1420 Platonis,
1313 1327 1418 1399 solem
1441 1329 1587 1401 lucidum
1612 1355 1688 1403 esse
1706 1337 1738 1400 et
1764 1327 1939 1400 eanolirlum
2035 1396 2036 1401 ,

271 1455 431 1544 namma,
449 1445 491 1542 ⁰⁰)
524 1447 763 1524 eoniieienrlum
788 1471 862 1521 esse
886 1456 997 1545 putat,
1033 1454 1067 1519 et
1091 1445 1194 1518 solem
1220 1454 1254 1519 et
1288 1447 1417 1542 reliqua
1450 1449 1609 1520 eoelestia
1634 1451 1729 1545 signa
1753 1472 1835 1545 puro
1861 1447 1937 1543 igne

274 1581 442 1653 eonstare.
464 1566 507 1668 ⁸²)
559 1568 667 1642 Paulo
700 1567 843 1661 rectius,
878 1569 964 1665 quod
993 1566 1093 1639 Plato
1122 1567 1277 1640 mundum
1302 1590 1324 1638 a
1348 1566 1410 1638 (leo
1445 1574 1590 1639 ereetum
1624 1592 1730 1664 neque
1763 1588 1939 1640 senescere

271 1716 378 1792 neque
405 1690 528 1764 morbis
561 1689 650 1763 ailiei
674 1688 824 1781 (linerat,
839 1682 883 1781 ω)
918 1687 1073 1780 arbitrari
1095 1695 1245 1786 poterat,
1281 1711 1354 1758 enm
1379 1710 1520 1783 eoqoora
1533 1688 1704 1760 ¹eoelestia
1729 1687 1940 1761 mortalitatis

269 1814 341 1910 legi
365 1819 495 1884 eremta
519 1809 672 1899 uoluisse,
704 1807 849 1905 quamvis
874 1808 980 1903 magis
1004 1808 1051 1881 iai
1076 1807 1119 1880 rle
1142 1814 1213 1880 tota
1236 1830 1346 1879 rerum
1371 1806 1581 1879 universitate
1608 1832 1705 1904 quam
1731 1809 1772 1879 ‹le
1798 1807 1937 1902 singulis

272 1933 343 2009 eius
373 1930 521 2029 partibus
554 1928 719 2024 cogitasse
751 1926 910 2011 rideatur.
937 1967 989 1980 -
1032 1926 1104 2000 Sed
1137 1927 1236 2020 unde,
1268 1950 1366 2023 quum
1400 1927 1521 2024 optime
1547 1952 1568 2000 a
1594 1928 1655 2001 deo
1691 1928 1800 2000 omnia
1825 1933 1941 2000 ereata

271 2054 350 2146 sint,
374 2052 409 2122 in
434 2049 587 2121 mundam
611 2048 700 2119 mala
723 2044 949 2142 irrepserunt?
974 2034 1073 2119 llaee
1100 2049 1247 2144 quaestio
1274 2047 1532 2144 sapientissimos
1557 2047 1705 2119 homines
1731 2057 1764 2119 et
1788 2070 1938 2143 oocupa-

271 2173 318 2247 rit
342 2194 470 2268 semper
495 2176 530 2241 et
553 2174 711 2264 perpetuo
736 2165 923 2262 oeenpaloit,
948 2172 985 2236 et
1002 2167 1132 2260 merito,
1156 2191 1234 2239 nam
1259 2169 1343 2239 bene
1368 2165 1611 2257 intellexerunt,
1637 2168 1727 2238 mala
1751 2192 1817 2238 non
1839 2189 1939 2262 posse

271 2290 452 2381 remoueri,
477 2287 543 2358 nisi
568 2309 680 2359 eorum
705 2283 798 2379 origo
824 2284 958 2379 eognita
983 2293 1083 2357 esset.
1134 2284 1209 2355 Iam
1234 2283 1334 2356 Pluto
1360 2286 1508 2356 ultimam
1532 2287 1692 2356 malornm
1718 2287 1879 2357 rationem
1903 2286 1939 2357 in

271 2409 412 2485 noteris
435 2407 533 2478 sitam
558 2429 632 2476 esse
658 2403 829 2492 deonerat,
871 2427 968 2497 quarn
994 2426 1091 2496 quum
1116 2425 1138 2472 a
1162 2425 1265 2472 saeuo
1299 2404 1442 2472 ornnium
1474 2427 1583 2475 rerum
1617 2405 1724 2499 spatio
1758 2429 1824 2477 non
1857 2404 1940 2479 satis

265 2526 486 2616 distinxisset,
495 2519 536 2615 ⁸⁹)
562 2522 715 2594 Plotinus
735 2521 838 2592 multo
863 2520 1014 2592 subtilius
1038 2519 1126 2591 luno
1148 2518 1258 2589 loeum
1283 2520 1447 2609 tractavit,
1475 2519 1515 2590 (le
1542 2545 1605 2615 quo
1632 2530 1699 2595 tres
1717 2524 1821 2597 libros
1848 2524 1938 2597 seri-

250 2640 407 2748 osiel)
458 2639 602 2714 Omnino
635 2660 710 2708 roro
742 2658 806 2706 nee
837 2634 991 2705 Plotinus
1020 2656 1127 2728 neque
1157 2634 1327 2727 quisquam
1360 2635 1396 2704 in
1431 2637 1623 2729 antiquitate
1654 2641 1867 2738 philosophus
1893 2643 1938 2716 al

271 2767 396 2867 primas
420 2760 499 2833 mali
525 2759 559 2829 in
585 2756 693 2829 animo
718 2753 902 2826 mortalium
927 2752 1057 2825 radiees
1083 2750 1319 2842 descenderat,
1344 2750 1403 2822 sed
1429 2752 1589 2847 originem
1615 2757 1685 2830 eius
1712 2767 1768 2831 aut
1793 2784 1815 2831 a
1838 2762 1937 2835 rebus

252 2883 418 2962 externis
451 2887 508 2953 aut
538 2879 579 2949 ab
612 2874 838 2947 imbecillitate
870 2873 982 2970 aliqua
1014 2880 1152 2945 naturae
1178 2869 1341 2941 humanae
1372 2876 1429 2941 aut
1453 2870 1595 2969 denique
1618 2879 1659 2948 alo
1686 2878 1760 2974 ipsa
1783 2880 1936 2973 materia,

274 3001 438 3082 communi
463 2996 605 3070 ornninm
624 3017 734 3064 rerum
757 2993 862 3065 limite
888 3000 922 3064 et
943 2992 1165 3081 fundamento,
1190 2989 1401 3083 repetebant3
1426 2988 1461 3061 io
1486 2992 1657 3087 quodiam
1682 3005 1826 3070 veterum
1850 2998 1941 3073 idio-

161 3214 163 3219 .
226 3170 230 3176 -
275 3131 366 3200 mata
388 3125 562 3206 testantur,
582 3113 617 3184 in
643 3112 759 3207 quibus
785 3110 874 3182 mala
898 3110 971 3199 illa,
996 3134 1080 3204 qnae
1103 3107 1306 3181 extrinsecus
1324 3107 1508 3183 lrominibus
1535 3115 1700 3209 accidunt,
1724 3141 1790 3191 non
1811 3117 1943 3193 discer-

275 3250 396 3318 nuntur
421 3239 462 3309 ab
488 3236 549 3317 iis,
575 3253 659 3329 quae
684 3229 749 3325 ipsi
773 3229 880 3299 libera
903 3227 1068 3298 voluntate
1093 3232 1294 3322 perpetrant.
1348 3227 1552 3325 Quamquam
1577 3235 1676 3307 etiam
1699 3236 1754 3310 lrie
1779 3237 1949 3313 intertium

274 3361 449 3449 Plotinae,
475 3353 568 3451 quasi
593 3348 717 3448 puriori
741 3347 817 3419 luce
842 3344 1064 3438 collustratus,
1090 3345 1234 3417 rectiora
1258 3345 1350 3418 vidit.
1363 3337 1406 3437 ²¹)
1457 3347 1500 3420 In
1525 3350 1599 3447 ipsa
1622 3357 1782 3429 materiae
1807 3360 1941 3434 notione

275 3477 459 3557 ‹lelinienrla
487 3473 662 3545 Platonem
695 3490 795 3564 saepe
828 3465 1042 3538 subtilissime
1073 3464 1235 3562 explieat,
1275 3464 1345 3556 sie,
1385 3466 1471 3561 quod
1502 3468 1603 3543 Plato
1637 3473 1672 3545 in
1707 3475 1848 3551 Timaeo
1882 3442 1966 3551 ‹li-⁸

274 3603 336 3696 xit,
349 3595 390 3699 ²¹)
416 3594 586 3670 materiam
612 3586 797 3667 etlnmmi
821 3609 919 3683 posse
945 3590 1201 3685 (ὑγραίνεσθαι)
1228 3591 1262 3656 et
1285 3584 1361 3679 igne
1387 3585 1521 3682 repleri,
1547 3606 1777 3692 (πυρᾰῦσθαι)
1803 3597 1838 3670 ill
1863 3624 1939 3673 mo·

274 3730 333 3799 net
356 3742 424 3793 non
447 3717 495 3788 ita
521 3735 595 3784 esse
619 3705 865 3803 intelligendum
872 3757 885 3799 ,
898 3702 948 3777 'nt
972 3703 1143 3776 materiam
1167 3726 1243 3776 uero
1268 3703 1391 3799 aliquid
1417 3729 1491 3779 esse
1516 3716 1678 3806 putemus,
1718 3716 1805 3812 qued
1828 3718 1880 3791 vel
1904 3718 1943 3792 in
2026 3758 2029 3763 ·

269 3846 1927 3892 ...m—&mm

323 3948 497 4019 amna
1237 3911 1246 3924 ⁸
1881 3906 1884 3911 ’

325 4050 361 4120 ⁰⁸)
378 4050 446 4103 Tim.
462 4066 488 4118 p.
506 4051 549 4103 ³1.
566 4051 609 4101 82

320 4150 360 4223 ω)
377 4150 446 4204 'lim
463 4168 491 4219 p.
507 4152 551 4202 ³9.
566 4162 622 4217 rap.
640 4143 688 4213 tu,
703 4146 807 4215 1³.OE
841 4142 950 4199 Scilicet
964 4141 1079 4212 negabat
1095 4140 1226 4211 Pleuron,
1241 4141 1328 4199 lneenr
1343 4157 1438 4215 corpu
1455 4160 1528 4202 esse

266 4257 274 4265 “
324 4253 499 4324 mmmm

325 4354 364 4426 ⁸¹)
378 4355 447 4408 Tim.
464 4369 490 4421 p.
508 4354 551 4403 aa

324 4456 360 4526 ⁶⁰)
378 4454 515 4526 Cepiosius
532 4451 565 4504 tle
581 4448 631 4505 hse
647 4464 678 4504 rs
693 4450 736 4518 egl
751 4450 776 4504 iu
793 4448 917 4518 opueulo
935 4446 969 4502 (le
986 4446 1046 4502 d'rsl.
1063 4447 1162 4504 Pletlul
1177 4448 1288 4515 tutione,
1305 4463 1363 4518 esp.
1381 4449 1431 4504 lll.

324 4558 437 4626 ’ω
455 4553 632 4621 n‚a.111,o.
977 4571 993 4581 „

328 4657 367 4727 ’¹)
384 4658 559 4725 Reperinntnr
568 4653 701 4795 ΙΙιζιεοῑίοιῆι
723 4651 876 4720 mantuanis
899 4649 974 4706 luins
997 4651 1036 4706 rel
1053 4650 1162 4718 runa·
1178 4651 1341 4720 poenosum
1356 4652 1385 4707 in
1400 4651 1466 4708 libro
1484 4651 1518 4708 dt
1535 4652 1767 4714 maurataneae
1783 4657 1828 4715 dui
1844 4658 1891 4730 Vl,
1907 4665 1945 4727 8,,
2020 4670 2024 4678 .

382 4750 413 4797 ut
426 4742 492 4795 infra
509 4748 567 4795 oste
605 4753 690 4793 eurus.

328 4840 554 4915 ”)Tlsr.p.⁶2
