<?xml version="1.0" encoding="UTF-8"?>
<!DOCTYPE html PUBLIC "-//W3C//DTD XHTML 1.0 Transitional//EN"
    "http://www.w3.org/TR/xhtml1/DTD/xhtml1-transitional.dtd">
<html xmlns="http://www.w3.org/1999/xhtml" xml:lang="en" lang="en">
 <head>
  <title>
</title>
<meta http-equiv="Content-Type" content="text/html;charset=utf-8" />
  <meta name='ocr-system' content='tesseract 3.04.00' />
  <meta name='ocr-capabilities' content='ocr_page ocr_carea ocr_par ocr_line ocrx_word'/>
</head>
<body>
  <div class='ocr_page' id='page_1' title='image "./meletemataploti00germgoog_0030.png"; bbox 0 0 4386 5618; ppageno 0'>
   <div class='ocr_carea' id='block_1_1' title="bbox 76 570 2028 705">
    <p class='ocr_par' dir='ltr' id='par_1_1' title="bbox 76 570 2028 705">
     <span class='ocr_line' id='line_1_1' title="bbox 76 570 2028 705; baseline 0.001 -22"><span class='ocrx_word' id='word_1_1' title='bbox 76 616 80 621; x_wconf 82' lang='grc'><strong>’</strong></span> <span class='ocrx_word' id='word_1_2' title='bbox 213 606 290 683; x_wconf 82' lang='lat' dir='ltr'><strong>tari.</strong></span> <span class='ocrx_word' id='word_1_3' title='bbox 340 605 427 682; x_wconf 82' lang='lat' dir='ltr'><strong>Erat</strong></span> <span class='ocrx_word' id='word_1_4' title='bbox 446 606 547 705; x_wconf 87' lang='lat' dir='ltr'><strong>igitur</strong></span> <span class='ocrx_word' id='word_1_5' title='bbox 568 604 773 679; x_wconf 89' lang='lat' dir='ltr'><strong>oraculorum</strong></span> <span class='ocrx_word' id='word_1_6' title='bbox 784 600 1033 676; x_wconf 77' lang='lat' dir='ltr'><strong>Platonicorum</strong></span> <span class='ocrx_word' id='word_1_7' title='bbox 1053 601 1215 699; x_wconf 80' lang='lat' dir='ltr'><strong>interpres</strong></span> <span class='ocrx_word' id='word_1_8' title='bbox 1235 606 1331 701; x_wconf 86' lang='lat' dir='ltr'><strong>atque</strong></span> <span class='ocrx_word' id='word_1_9' title='bbox 1353 607 1548 704; x_wconf 76' lang='grc' dir='ltr'><strong><em>ὑποφήτης,</em></strong></span> <span class='ocrx_word' id='word_1_10' title='bbox 1573 606 1641 703; x_wconf 90' lang='lat' dir='ltr'><strong>qui,</strong></span> <span class='ocrx_word' id='word_1_11' title='bbox 1665 632 1749 705; x_wconf 86' lang='lat' dir='ltr'><strong>quae</strong></span> <span class='ocrx_word' id='word_1_12' title='bbox 1762 608 1820 684; x_wconf 88' lang='lat' dir='ltr'><strong>ille</strong></span> <span class='ocrx_word' id='word_1_13' title='bbox 1836 606 1880 685; x_wconf 80' lang='lat' dir='ltr'><strong>de</strong></span> <span class='ocrx_word' id='word_1_14' title='bbox 2021 570 2028 579; x_wconf 31' lang='lat'><strong><em>⁹</em></strong></span> 
     </span>
    </p>
   </div>
   <div class='ocr_carea' id='block_1_2' title="bbox 209 722 1877 946">
    <p class='ocr_par' dir='ltr' id='par_1_2' title="bbox 209 722 1877 946">
     <span class='ocr_line' id='line_1_2' title="bbox 212 722 1877 828; baseline 0 -25"><span class='ocrx_word' id='word_1_15' title='bbox 212 727 274 803; x_wconf 79' lang='lat' dir='ltr'><strong>deo</strong></span> <span class='ocrx_word' id='word_1_16' title='bbox 297 730 467 826; x_wconf 85' lang='lat' dir='ltr'><strong>rebusque·</strong></span> <span class='ocrx_word' id='word_1_17' title='bbox 481 728 597 800; x_wconf 86' lang='lat' dir='ltr'><strong>diuinis</strong></span> <span class='ocrx_word' id='word_1_18' title='bbox 615 750 676 824; x_wconf 86' lang='lat' dir='ltr'><strong>per</strong></span> <span class='ocrx_word' id='word_1_19' title='bbox 693 725 853 821; x_wconf 81' lang='lat' dir='ltr'>imagines</span> <span class='ocrx_word' id='word_1_20' title='bbox 869 731 902 797; x_wconf 88' lang='lat' dir='ltr'><strong>et</strong></span> <span class='ocrx_word' id='word_1_21' title='bbox 925 722 1072 818; x_wconf 79' lang='lat' dir='ltr'><strong>symbola</strong></span> <span class='ocrx_word' id='word_1_22' title='bbox 1092 732 1325 819; x_wconf 70' lang='lat' dir='ltr'><strong>proposuerat,</strong></span> <span class='ocrx_word' id='word_1_23' title='bbox 1351 727 1537 799; x_wconf 78' lang='lat' dir='ltr'><strong>accuratius</strong></span> <span class='ocrx_word' id='word_1_24' title='bbox 1553 736 1588 814; x_wconf 87' lang='lat' dir='ltr'><strong>et</strong></span> <span class='ocrx_word' id='word_1_25' title='bbox 1603 730 1755 802; x_wconf 86' lang='lat' dir='ltr'><strong>subtilius</strong></span> <span class='ocrx_word' id='word_1_26' title='bbox 1769 754 1877 828; x_wconf 84' lang='lat' dir='ltr'><strong>erpo·</strong></span> 
     </span>
     <span class='ocr_line' id='line_1_3' title="bbox 209 843 1877 946; baseline -0.001 -22"><span class='ocrx_word' id='word_1_27' title='bbox 209 857 304 925; x_wconf 89' lang='lat' dir='ltr'><strong>neret</strong></span> <span class='ocrx_word' id='word_1_28' title='bbox 326 859 360 923; x_wconf 90' lang='lat' dir='ltr'><strong>et</strong></span> <span class='ocrx_word' id='word_1_29' title='bbox 378 856 639 946; x_wconf 75' lang='lat' dir='ltr'><strong>persequeretur.</strong></span> <span class='ocrx_word' id='word_1_30' title='bbox 690 844 779 919; x_wconf 89' lang='lat' dir='ltr'><strong>Nam</strong></span> <span class='ocrx_word' id='word_1_31' title='bbox 800 869 960 918; x_wconf 89' lang='lat' dir='ltr'><strong>summum</strong></span> <span class='ocrx_word' id='word_1_32' title='bbox 984 845 1115 935; x_wconf 83' lang='lat' dir='ltr'><strong>boumn,</strong></span> <span class='ocrx_word' id='word_1_33' title='bbox 1142 843 1228 940; x_wconf 82' lang='lat' dir='ltr'><strong>quod</strong></span> <span class='ocrx_word' id='word_1_34' title='bbox 1253 847 1294 917; x_wconf 90' lang='lat' dir='ltr'><strong>ab</strong></span> <span class='ocrx_word' id='word_1_35' title='bbox 1319 847 1444 919; x_wconf 86' lang='lat' dir='ltr'><strong>unitate</strong></span> <span class='ocrx_word' id='word_1_36' title='bbox 1459 872 1610 944; x_wconf 89' lang='lat' dir='ltr'><strong>suprema</strong></span> <span class='ocrx_word' id='word_1_37' title='bbox 1624 849 1675 921; x_wconf 85' lang='lat' dir='ltr'><strong>rel</strong></span> <span class='ocrx_word' id='word_1_38' title='bbox 1693 876 1714 923; x_wconf 92' lang='lat' dir='ltr'><strong>a</strong></span> <span class='ocrx_word' id='word_1_39' title='bbox 1730 851 1877 933; x_wconf 81' lang='lat' dir='ltr'><strong>maximo</strong></span> 
     </span>
    </p>
   </div>
   <div class='ocr_carea' id='block_1_3' title="bbox 69 950 2007 1067">
    <p class='ocr_par' dir='ltr' id='par_1_3' title="bbox 69 950 2007 1067">
     <span class='ocr_line' id='line_1_4' title="bbox 69 950 2007 1067; baseline -0.001 -22"><span class='ocrx_word' id='word_1_40' title='bbox 69 950 79 979; x_wconf 55' lang='lat'>⁸</span> <span class='ocrx_word' id='word_1_41' title='bbox 211 970 273 1044; x_wconf 79' lang='lat' dir='ltr'><strong>leo</strong></span> <span class='ocrx_word' id='word_1_42' title='bbox 296 993 362 1041; x_wconf 93' lang='lat' dir='ltr'><strong>non</strong></span> <span class='ocrx_word' id='word_1_43' title='bbox 380 970 539 1042; x_wconf 85' lang='lat' dir='ltr'><strong>diuersum</strong></span> <span class='ocrx_word' id='word_1_44' title='bbox 557 993 631 1042; x_wconf 91' lang='lat' dir='ltr'><strong>esse</strong></span> <span class='ocrx_word' id='word_1_45' title='bbox 654 974 868 1063; x_wconf 85' lang='lat' dir='ltr'><strong>cognouerat,</strong></span> <span class='ocrx_word' id='word_1_46' title='bbox 894 966 942 1038; x_wconf 87' lang='lat' dir='ltr'><strong>ita</strong></span> <span class='ocrx_word' id='word_1_47' title='bbox 953 989 1054 1062; x_wconf 88' lang='lat' dir='ltr'><strong>supra</strong></span> <span class='ocrx_word' id='word_1_48' title='bbox 1069 989 1125 1038; x_wconf 88' lang='lat' dir='ltr'><strong>res</strong></span> <span class='ocrx_word' id='word_1_49' title='bbox 1141 972 1253 1037; x_wconf 86' lang='lat' dir='ltr'><strong>ornnes</strong></span> <span class='ocrx_word' id='word_1_50' title='bbox 1267 967 1395 1058; x_wconf 84' lang='lat' dir='ltr'><strong>extulit,</strong></span> <span class='ocrx_word' id='word_1_51' title='bbox 1421 976 1458 1040; x_wconf 93' lang='lat' dir='ltr'><strong>ut</strong></span> <span class='ocrx_word' id='word_1_52' title='bbox 1470 967 1552 1037; x_wconf 83' lang='lat' dir='ltr'><strong>uilil</strong></span> <span class='ocrx_word' id='word_1_53' title='bbox 1570 993 1645 1040; x_wconf 83' lang='lat' dir='ltr'><strong>vere</strong></span> <span class='ocrx_word' id='word_1_54' title='bbox 1660 972 1701 1042; x_wconf 78' lang='lat' dir='ltr'><strong>ule</strong></span> <span class='ocrx_word' id='word_1_55' title='bbox 1719 995 1758 1043; x_wconf 90' lang='lat' dir='ltr'><strong>eo</strong></span> <span class='ocrx_word' id='word_1_56' title='bbox 1772 993 1876 1067; x_wconf 69' lang='lat' dir='ltr'><strong>prae-u</strong></span> <span class='ocrx_word' id='word_1_57' title='bbox 2004 963 2007 967; x_wconf 54' lang='grc'>’</span> 
     </span>
    </p>
   </div>
   <div class='ocr_carea' id='block_1_4' title="bbox 210 1085 1876 1187">
    <p class='ocr_par' dir='ltr' id='par_1_4' title="bbox 210 1085 1876 1187">
     <span class='ocr_line' id='line_1_5' title="bbox 210 1085 1876 1187; baseline 0 -24"><span class='ocrx_word' id='word_1_58' title='bbox 210 1089 315 1163; x_wconf 81' lang='lat' dir='ltr'><strong>dicari</strong></span> <span class='ocrx_word' id='word_1_59' title='bbox 327 1115 425 1187; x_wconf 85' lang='lat' dir='ltr'><strong>poseo</strong></span> <span class='ocrx_word' id='word_1_60' title='bbox 441 1090 578 1181; x_wconf 83' lang='lat' dir='ltr'><strong>diceret,</strong></span> <span class='ocrx_word' id='word_1_61' title='bbox 593 1095 790 1185; x_wconf 88' lang='lat' dir='ltr'><strong>quapropter</strong></span> <span class='ocrx_word' id='word_1_62' title='bbox 805 1110 870 1158; x_wconf 92' lang='lat' dir='ltr'><strong>non</strong></span> <span class='ocrx_word' id='word_1_63' title='bbox 881 1110 1020 1184; x_wconf 88' lang='lat' dir='ltr'><strong>prorsus</strong></span> <span class='ocrx_word' id='word_1_64' title='bbox 1033 1085 1154 1158; x_wconf 84' lang='lat' dir='ltr'><strong>erroris</strong></span> <span class='ocrx_word' id='word_1_65' title='bbox 1170 1086 1277 1178; x_wconf 89' lang='lat' dir='ltr'><strong>istius,</strong></span> <span class='ocrx_word' id='word_1_66' title='bbox 1293 1087 1326 1159; x_wconf 95' lang='lat' dir='ltr'><strong>in</strong></span> <span class='ocrx_word' id='word_1_67' title='bbox 1344 1113 1440 1184; x_wconf 89' lang='lat' dir='ltr'><strong>quem</strong></span> <span class='ocrx_word' id='word_1_68' title='bbox 1455 1086 1600 1160; x_wconf 78' lang='lat' dir='ltr'><strong>Asiatici</strong></span> <span class='ocrx_word' id='word_1_69' title='bbox 1617 1090 1744 1184; x_wconf 87' lang='lat' dir='ltr'><strong>quidam</strong></span> <span class='ocrx_word' id='word_1_70' title='bbox 1762 1090 1876 1186; x_wconf 72' lang='lat' dir='ltr'><strong>philo·-</strong></span> 
     </span>
    </p>
   </div>
   <div class='ocr_carea' id='block_1_5' title="bbox 89 1192 1877 1307">
    <p class='ocr_par' dir='ltr' id='par_1_5' title="bbox 89 1192 1877 1307">
     <span class='ocr_line' id='line_1_6' title="bbox 89 1192 1877 1307; baseline 0.001 -23"><span class='ocrx_word' id='word_1_71' title='bbox 89 1192 92 1197; x_wconf 39' lang='grc'>’</span> <span class='ocrx_word' id='word_1_72' title='bbox 211 1210 305 1307; x_wconf 81' lang='lat' dir='ltr'><strong>sophi</strong></span> <span class='ocrx_word' id='word_1_73' title='bbox 319 1210 515 1300; x_wconf 82' lang='lat' dir='ltr'><strong>inciderant,</strong></span> <span class='ocrx_word' id='word_1_74' title='bbox 536 1207 671 1280; x_wconf 88' lang='lat' dir='ltr'><strong>erimine</strong></span> <span class='ocrx_word' id='word_1_75' title='bbox 687 1207 902 1280; x_wconf 83' lang='lat' dir='ltr'><strong>absolvendus</strong></span> <span class='ocrx_word' id='word_1_76' title='bbox 917 1215 979 1299; x_wconf 85' lang='lat' dir='ltr'><strong>est,</strong></span> <span class='ocrx_word' id='word_1_77' title='bbox 992 1205 1088 1302; x_wconf 83' lang='lat' dir='ltr'><strong>quod,</strong></span> <span class='ocrx_word' id='word_1_78' title='bbox 1105 1206 1180 1279; x_wconf 88' lang='lat' dir='ltr'><strong>dum</strong></span> <span class='ocrx_word' id='word_1_79' title='bbox 1196 1207 1277 1278; x_wconf 88' lang='lat' dir='ltr'><strong>nihil</strong></span> <span class='ocrx_word' id='word_1_80' title='bbox 1292 1208 1335 1280; x_wconf 46' lang='lat' dir='ltr'><strong>*de</strong></span> <span class='ocrx_word' id='word_1_81' title='bbox 1351 1208 1411 1280; x_wconf 88' lang='lat' dir='ltr'><strong>deo</strong></span> <span class='ocrx_word' id='word_1_82' title='bbox 1427 1207 1620 1305; x_wconf 85' lang='lat' dir='ltr'><strong>praedicare</strong></span> <span class='ocrx_word' id='word_1_83' title='bbox 1638 1210 1749 1301; x_wconf 86' lang='lat' dir='ltr'><strong>audet,</strong></span> <span class='ocrx_word' id='word_1_84' title='bbox 1766 1210 1877 1285; x_wconf 87' lang='lat' dir='ltr'><strong>omnia</strong></span> 
     </span>
    </p>
   </div>
   <div class='ocr_carea' id='block_1_6' title="bbox 147 1325 1876 1426">
    <p class='ocr_par' dir='ltr' id='par_1_6' title="bbox 147 1325 1876 1426">
     <span class='ocr_line' id='line_1_7' title="bbox 147 1325 1876 1426; baseline 0 -25"><span class='ocrx_word' id='word_1_85' title='bbox 147 1380 152 1387; x_wconf 89' lang='lat'><em>-</em></span> <span class='ocrx_word' id='word_1_86' title='bbox 208 1328 245 1401; x_wconf 92' lang='lat' dir='ltr'><strong>in</strong></span> <span class='ocrx_word' id='word_1_87' title='bbox 259 1329 394 1402; x_wconf 83' lang='lat' dir='ltr'><strong>nihilum</strong></span> <span class='ocrx_word' id='word_1_88' title='bbox 409 1331 441 1402; x_wconf 92' lang='lat' dir='ltr'><strong>ei</strong></span> <span class='ocrx_word' id='word_1_89' title='bbox 455 1329 576 1401; x_wconf 84' lang='lat' dir='ltr'><strong>resolvi</strong></span> <span class='ocrx_word' id='word_1_90' title='bbox 591 1335 688 1426; x_wconf 88' lang='lat' dir='ltr'><strong>atque</strong></span> <span class='ocrx_word' id='word_1_91' title='bbox 708 1350 904 1400; x_wconf 82' lang='lat' dir='ltr'><strong>euanescere</strong></span> <span class='ocrx_word' id='word_1_92' title='bbox 918 1326 1100 1398; x_wconf 87' lang='lat' dir='ltr'><strong>videantur.</strong></span> <span class='ocrx_word' id='word_1_93' title='bbox 1128 1325 1200 1401; x_wconf 79' lang='lat' dir='ltr'><strong>sed</strong></span> <span class='ocrx_word' id='word_1_94' title='bbox 1212 1352 1309 1424; x_wconf 90' lang='lat' dir='ltr'><strong>quum</strong></span> <span class='ocrx_word' id='word_1_95' title='bbox 1323 1330 1407 1400; x_wconf 88' lang='lat' dir='ltr'><strong>bene</strong></span> <span class='ocrx_word' id='word_1_96' title='bbox 1420 1328 1591 1420; x_wconf 88' lang='lat' dir='ltr'><strong>sensisset,</strong></span> <span class='ocrx_word' id='word_1_97' title='bbox 1610 1329 1704 1401; x_wconf 89' lang='lat' dir='ltr'><strong>deum</strong></span> <span class='ocrx_word' id='word_1_98' title='bbox 1720 1327 1876 1425; x_wconf 86' lang='lat' dir='ltr'><strong>incogni-</strong></span> 
     </span>
    </p>
   </div>
   <div class='ocr_carea' id='block_1_7' title="bbox 70 1447 1873 1554">
    <p class='ocr_par' dir='ltr' id='par_1_7' title="bbox 70 1447 1873 1554">
     <span class='ocr_line' id='line_1_8' title="bbox 70 1447 1873 1554; baseline 0 -32"><span class='ocrx_word' id='word_1_99' title='bbox 70 1549 73 1554; x_wconf 64' lang='lat'><strong>,</strong></span> <span class='ocrx_word' id='word_1_100' title='bbox 206 1456 276 1522; x_wconf 88' lang='lat' dir='ltr'><strong>tum</strong></span> <span class='ocrx_word' id='word_1_101' title='bbox 298 1451 424 1522; x_wconf 92' lang='lat' dir='ltr'><strong>nullum</strong></span> <span class='ocrx_word' id='word_1_102' title='bbox 450 1472 536 1541; x_wconf 88' lang='lat' dir='ltr'><strong>esse,</strong></span> <span class='ocrx_word' id='word_1_103' title='bbox 562 1472 582 1522; x_wconf 88' lang='lat' dir='ltr'><strong>a</strong></span> <span class='ocrx_word' id='word_1_104' title='bbox 602 1472 753 1546; x_wconf 89' lang='lat' dir='ltr'><strong>supremo</strong></span> <span class='ocrx_word' id='word_1_105' title='bbox 777 1451 863 1522; x_wconf 86' lang='lat' dir='ltr'><strong>bono</strong></span> <span class='ocrx_word' id='word_1_106' title='bbox 878 1455 1020 1521; x_wconf 90' lang='lat' dir='ltr'><strong>mentem</strong></span> <span class='ocrx_word' id='word_1_107' title='bbox 1039 1454 1205 1519; x_wconf 89' lang='lat' dir='ltr'><strong>aeternam</strong></span> <span class='ocrx_word' id='word_1_108' title='bbox 1223 1448 1382 1540; x_wconf 85' lang='lat' dir='ltr'><strong>distinxit,</strong></span> <span class='ocrx_word' id='word_1_109' title='bbox 1407 1455 1445 1520; x_wconf 88' lang='lat' dir='ltr'><strong>ut</strong></span> <span class='ocrx_word' id='word_1_110' title='bbox 1461 1449 1600 1519; x_wconf 89' lang='lat' dir='ltr'><strong>alteram</strong></span> <span class='ocrx_word' id='word_1_111' title='bbox 1615 1449 1715 1521; x_wconf 76' lang='lat' dir='ltr'><strong>(lirim</strong></span> <span class='ocrx_word' id='word_1_112' title='bbox 1731 1447 1873 1523; x_wconf 84' lang='lat' dir='ltr'><strong>nurninis</strong></span> 
     </span>
    </p>
   </div>
   <div class='ocr_carea' id='block_1_8' title="bbox 140 1567 1906 2854">
    <p class='ocr_par' dir='ltr' id='par_1_8' title="bbox 140 1567 1906 2854">
     <span class='ocr_line' id='line_1_9' title="bbox 206 1567 1875 1667; baseline 0 -26"><span class='ocrx_word' id='word_1_113' title='bbox 206 1577 370 1662; x_wconf 83' lang='lat' dir='ltr'><strong>naturam,</strong></span> <span class='ocrx_word' id='word_1_114' title='bbox 394 1594 571 1667; x_wconf 90' lang='lat' dir='ltr'><strong>perquam</strong></span> <span class='ocrx_word' id='word_1_115' title='bbox 595 1570 675 1642; x_wconf 88' lang='lat' dir='ltr'><strong>deus</strong></span> <span class='ocrx_word' id='word_1_116' title='bbox 696 1570 856 1643; x_wconf 83' lang='lat' dir='ltr'><strong>maximus</strong></span> <span class='ocrx_word' id='word_1_117' title='bbox 876 1571 918 1641; x_wconf 90' lang='lat' dir='ltr'><strong>ab</strong></span> <span class='ocrx_word' id='word_1_118' title='bbox 941 1568 1134 1640; x_wconf 86' lang='lat' dir='ltr'><strong>aeternitate</strong></span> <span class='ocrx_word' id='word_1_119' title='bbox 1152 1569 1336 1640; x_wconf 84' lang='lat' dir='ltr'><strong>mortalium</strong></span> <span class='ocrx_word' id='word_1_120' title='bbox 1359 1569 1521 1641; x_wconf 83' lang='lat' dir='ltr'><strong>mentilous</strong></span> <span class='ocrx_word' id='word_1_121' title='bbox 1546 1592 1584 1640; x_wconf 91' lang='lat' dir='ltr'><strong>se</strong></span> <span class='ocrx_word' id='word_1_122' title='bbox 1598 1569 1812 1665; x_wconf 72' lang='lat' dir='ltr'><strong>patefecerit,</strong></span> <span class='ocrx_word' id='word_1_123' title='bbox 1838 1567 1875 1641; x_wconf 88' lang='lat' dir='ltr'><strong>in</strong></span> 
     </span>
     <span class='ocr_line' id='line_1_10' title="bbox 206 1686 1875 1787; baseline 0.001 -26"><span class='ocrx_word' id='word_1_124' title='bbox 206 1687 271 1762; x_wconf 87' lang='lat' dir='ltr'><strong>huo</strong></span> <span class='ocrx_word' id='word_1_125' title='bbox 296 1689 406 1762; x_wconf 74' lang='lat' dir='ltr'><strong>dimna</strong></span> <span class='ocrx_word' id='word_1_126' title='bbox 426 1698 535 1762; x_wconf 90' lang='lat' dir='ltr'><strong>mente</strong></span> <span class='ocrx_word' id='word_1_127' title='bbox 560 1690 706 1761; x_wconf 81' lang='lat' dir='ltr'><strong>idearum</strong></span> <span class='ocrx_word' id='word_1_128' title='bbox 731 1690 841 1787; x_wconf 88' lang='lat' dir='ltr'><strong>posuit</strong></span> <span class='ocrx_word' id='word_1_129' title='bbox 859 1689 983 1779; x_wconf 88' lang='lat' dir='ltr'><strong>sedem,</strong></span> <span class='ocrx_word' id='word_1_130' title='bbox 1010 1713 1146 1786; x_wconf 85' lang='lat' dir='ltr'><strong>quarum</strong></span> <span class='ocrx_word' id='word_1_131' title='bbox 1168 1688 1211 1759; x_wconf 87' lang='lat' dir='ltr'><strong>ad</strong></span> <span class='ocrx_word' id='word_1_132' title='bbox 1235 1689 1541 1786; x_wconf 87' lang='lat' dir='ltr'><strong>contemplationem</strong></span> <span class='ocrx_word' id='word_1_133' title='bbox 1556 1688 1680 1784; x_wconf 79' lang='lat' dir='ltr'><strong>primus</strong></span> <span class='ocrx_word' id='word_1_134' title='bbox 1693 1687 1793 1761; x_wconf 89' lang='lat' dir='ltr'><strong>Plato</strong></span> <span class='ocrx_word' id='word_1_135' title='bbox 1808 1686 1875 1763; x_wconf 71' lang='lat' dir='ltr'><strong>le.</strong></span> 
     </span>
     <span class='ocr_line' id='line_1_11' title="bbox 208 1807 1874 1900; baseline 0 -20"><span class='ocrx_word' id='word_1_136' title='bbox 208 1808 331 1880; x_wconf 90' lang='lat' dir='ltr'><strong>minum</strong></span> <span class='ocrx_word' id='word_1_137' title='bbox 352 1810 477 1880; x_wconf 82' lang='lat' dir='ltr'><strong>uniroos</strong></span> <span class='ocrx_word' id='word_1_138' title='bbox 499 1816 724 1897; x_wconf 82' lang='lat' dir='ltr'><strong>revocaverat3</strong></span> <span class='ocrx_word' id='word_1_139' title='bbox 749 1809 784 1878; x_wconf 91' lang='lat' dir='ltr'><strong>iu</strong></span> <span class='ocrx_word' id='word_1_140' title='bbox 800 1809 876 1900; x_wconf 91' lang='lat' dir='ltr'><strong>hac,</strong></span> <span class='ocrx_word' id='word_1_141' title='bbox 902 1810 949 1880; x_wconf 89' lang='lat' dir='ltr'><strong>uti</strong></span> <span class='ocrx_word' id='word_1_142' title='bbox 962 1809 997 1879; x_wconf 95' lang='lat' dir='ltr'><strong>in</strong></span> <span class='ocrx_word' id='word_1_143' title='bbox 1012 1817 1120 1883; x_wconf 88' lang='lat' dir='ltr'><strong>mente</strong></span> <span class='ocrx_word' id='word_1_144' title='bbox 1135 1814 1261 1900; x_wconf 87' lang='lat' dir='ltr'><strong>nostra,</strong></span> <span class='ocrx_word' id='word_1_145' title='bbox 1287 1833 1429 1881; x_wconf 90' lang='lat' dir='ltr'><strong>summas</strong></span> <span class='ocrx_word' id='word_1_146' title='bbox 1447 1808 1570 1880; x_wconf 84' lang='lat' dir='ltr'><strong>invenit</strong></span> <span class='ocrx_word' id='word_1_147' title='bbox 1586 1832 1696 1880; x_wconf 85' lang='lat' dir='ltr'><strong>rerum</strong></span> <span class='ocrx_word' id='word_1_148' title='bbox 1709 1807 1874 1900; x_wconf 86' lang='lat' dir='ltr'><strong>notiones,</strong></span> 
     </span>
     <span class='ocr_line' id='line_1_12' title="bbox 209 1925 1873 2030; baseline 0 -32"><span class='ocrx_word' id='word_1_149' title='bbox 209 1925 356 2000; x_wconf 79' lang='lat' dir='ltr'><strong>diuersas</strong></span> <span class='ocrx_word' id='word_1_150' title='bbox 371 1928 501 2024; x_wconf 86' lang='lat' dir='ltr'><strong>quidem</strong></span> <span class='ocrx_word' id='word_1_151' title='bbox 517 1929 642 2024; x_wconf 88' lang='lat' dir='ltr'><strong>speeie,</strong></span> <span class='ocrx_word' id='word_1_152' title='bbox 667 1927 726 2000; x_wconf 89' lang='lat' dir='ltr'><strong>sed</strong></span> <span class='ocrx_word' id='word_1_153' title='bbox 743 1952 818 2000; x_wconf 84' lang='lat' dir='ltr'><strong>rere</strong></span> <span class='ocrx_word' id='word_1_154' title='bbox 831 1927 982 2017; x_wconf 79' lang='lat' dir='ltr'><strong>casulem3</strong></span> <span class='ocrx_word' id='word_1_155' title='bbox 1009 1935 1193 2030; x_wconf 76' lang='grc' dir='ltr'><strong>(ἑτερότης,</strong></span> <span class='ocrx_word' id='word_1_156' title='bbox 1215 1934 1397 2027; x_wconf 59' lang='lat' dir='ltr'><strong>rotulum)</strong></span> <span class='ocrx_word' id='word_1_157' title='bbox 1419 1928 1518 2021; x_wconf 90' lang='lat' dir='ltr'><strong>hanc,</strong></span> <span class='ocrx_word' id='word_1_158' title='bbox 1543 1927 1593 1998; x_wconf 91' lang='lat' dir='ltr'><strong>uti</strong></span> <span class='ocrx_word' id='word_1_159' title='bbox 1612 1934 1758 2001; x_wconf 89' lang='lat' dir='ltr'><strong>nostram</strong></span> <span class='ocrx_word' id='word_1_160' title='bbox 1774 1949 1873 1999; x_wconf 59' lang='lat' dir='ltr'><strong>mene</strong></span> 
     </span>
     <span class='ocr_line' id='line_1_13' title="bbox 140 2047 1873 2145; baseline 0.001 -29"><span class='ocrx_word' id='word_1_161' title='bbox 140 2102 147 2115; x_wconf 78' lang='grc'><strong>.</strong></span> <span class='ocrx_word' id='word_1_162' title='bbox 207 2053 293 2139; x_wconf 67' lang='lat' dir='ltr'><strong>mm,</strong></span> <span class='ocrx_word' id='word_1_163' title='bbox 318 2056 475 2145; x_wconf 91' lang='lat' dir='ltr'><strong>perpetuo</strong></span> <span class='ocrx_word' id='word_1_164' title='bbox 496 2055 617 2118; x_wconf 88' lang='lat' dir='ltr'><strong>motam</strong></span> <span class='ocrx_word' id='word_1_165' title='bbox 644 2055 741 2143; x_wconf 90' lang='lat' dir='ltr'><strong>atque</strong></span> <span class='ocrx_word' id='word_1_166' title='bbox 765 2047 933 2120; x_wconf 87' lang='lat' dir='ltr'><strong>efficacem</strong></span> <span class='ocrx_word' id='word_1_167' title='bbox 956 2055 1154 2144; x_wconf 83' lang='lat' dir='ltr'><strong>cognouerat</strong></span> <span class='ocrx_word' id='word_1_168' title='bbox 1172 2056 1206 2121; x_wconf 92' lang='lat' dir='ltr'><strong>et</strong></span> <span class='ocrx_word' id='word_1_169' title='bbox 1222 2048 1319 2121; x_wconf 81' lang='lat' dir='ltr'><strong>simul</strong></span> <span class='ocrx_word' id='word_1_170' title='bbox 1331 2047 1472 2121; x_wconf 75' lang='lat' dir='ltr'><strong>mammo</strong></span> <span class='ocrx_word' id='word_1_171' title='bbox 1485 2048 1652 2120; x_wconf 90' lang='lat' dir='ltr'><strong>immotam</strong></span> <span class='ocrx_word' id='word_1_172' title='bbox 1667 2055 1701 2121; x_wconf 91' lang='lat' dir='ltr'><strong>et</strong></span> <span class='ocrx_word' id='word_1_173' title='bbox 1714 2053 1873 2120; x_wconf 88' lang='lat' dir='ltr'><strong>constan·</strong></span> 
     </span>
     <span class='ocr_line' id='line_1_14' title="bbox 205 2166 1873 2266; baseline -0.001 -27"><span class='ocrx_word' id='word_1_174' title='bbox 205 2166 385 2255; x_wconf 81' lang='lat' dir='ltr'><strong>tissimam3</strong></span> <span class='ocrx_word' id='word_1_175' title='bbox 411 2175 572 2266; x_wconf 70' lang='grc' dir='ltr'><strong><em>(κίνησις,</em></strong></span> <span class='ocrx_word' id='word_1_176' title='bbox 597 2173 711 2258; x_wconf 83' lang='grc' dir='ltr'>ςάσις)</span> <span class='ocrx_word' id='word_1_177' title='bbox 735 2167 783 2238; x_wconf 88' lang='lat' dir='ltr'><strong>ita</strong></span> <span class='ocrx_word' id='word_1_178' title='bbox 803 2191 901 2239; x_wconf 91' lang='lat' dir='ltr'><strong>unam</strong></span> <span class='ocrx_word' id='word_1_179' title='bbox 924 2191 997 2240; x_wconf 90' lang='lat' dir='ltr'><strong>eam</strong></span> <span class='ocrx_word' id='word_1_180' title='bbox 1015 2176 1049 2242; x_wconf 89' lang='lat' dir='ltr'><strong>et</strong></span> <span class='ocrx_word' id='word_1_181' title='bbox 1069 2169 1172 2239; x_wconf 88' lang='lat' dir='ltr'><strong>multa</strong></span> <span class='ocrx_word' id='word_1_182' title='bbox 1193 2167 1291 2239; x_wconf 90' lang='lat' dir='ltr'><strong>simul</strong></span> <span class='ocrx_word' id='word_1_183' title='bbox 1307 2191 1381 2240; x_wconf 89' lang='lat' dir='ltr'><strong>esse</strong></span> <span class='ocrx_word' id='word_1_184' title='bbox 1394 2166 1616 2258; x_wconf 79' lang='lat' dir='ltr'><strong>intellexerat,</strong></span> <span class='ocrx_word' id='word_1_185' title='bbox 1643 2175 1677 2238; x_wconf 88' lang='lat' dir='ltr'><strong>et</strong></span> <span class='ocrx_word' id='word_1_186' title='bbox 1691 2191 1733 2239; x_wconf 84' lang='lat' dir='ltr'><strong>ex</strong></span> <span class='ocrx_word' id='word_1_187' title='bbox 1753 2188 1793 2238; x_wconf 88' lang='lat' dir='ltr'><strong>ea</strong></span> <span class='ocrx_word' id='word_1_188' title='bbox 1806 2188 1873 2237; x_wconf 88' lang='lat' dir='ltr'><strong>nu·</strong></span> 
     </span>
     <span class='ocr_line' id='line_1_15' title="bbox 206 2281 1872 2397; baseline -0.002 -39"><span class='ocrx_word' id='word_1_189' title='bbox 206 2307 382 2377; x_wconf 87' lang='lat' dir='ltr'><strong>merorum,</strong></span> <span class='ocrx_word' id='word_1_190' title='bbox 408 2310 489 2381; x_wconf 86' lang='lat' dir='ltr'><strong>quos</strong></span> <span class='ocrx_word' id='word_1_191' title='bbox 504 2286 570 2358; x_wconf 87' lang='lat' dir='ltr'><strong>iam</strong></span> <span class='ocrx_word' id='word_1_192' title='bbox 587 2285 687 2358; x_wconf 88' lang='lat' dir='ltr'><strong>Plato</strong></span> <span class='ocrx_word' id='word_1_193' title='bbox 702 2286 736 2357; x_wconf 93' lang='lat' dir='ltr'><strong>iu</strong></span> <span class='ocrx_word' id='word_1_194' title='bbox 750 2285 834 2359; x_wconf 85' lang='lat' dir='ltr'><strong>ideis</strong></span> <span class='ocrx_word' id='word_1_195' title='bbox 848 2287 957 2397; x_wconf 76' lang='lat' dir='ltr'><strong>inesse</strong></span> <span class='ocrx_word' id='word_1_196' title='bbox 972 2288 1139 2377; x_wconf 85' lang='lat' dir='ltr'><strong>docuerat,</strong></span> <span class='ocrx_word' id='word_1_197' title='bbox 1166 2286 1326 2381; x_wconf 84' lang='lat' dir='ltr'><strong>originem</strong></span> <span class='ocrx_word' id='word_1_198' title='bbox 1340 2289 1490 2384; x_wconf 67' lang='lat' dir='ltr'><strong>repetiit,</strong></span> <span class='ocrx_word' id='word_1_199' title='bbox 1514 2288 1551 2359; x_wconf 93' lang='lat' dir='ltr'><strong>in</strong></span> <span class='ocrx_word' id='word_1_200' title='bbox 1567 2287 1631 2358; x_wconf 88' lang='lat' dir='ltr'><strong>hae</strong></span> <span class='ocrx_word' id='word_1_201' title='bbox 1645 2286 1745 2358; x_wconf 90' lang='lat' dir='ltr'><strong>etiam</strong></span> <span class='ocrx_word' id='word_1_202' title='bbox 1764 2281 1872 2382; x_wconf 86' lang='lat' dir='ltr'><strong>pulcri</strong></span> 
     </span>
     <span class='ocr_line' id='line_1_16' title="bbox 183 2403 1873 2503; baseline 0 -29"><span class='ocrx_word' id='word_1_203' title='bbox 183 2404 318 2476; x_wconf 81' lang='lat' dir='ltr'><strong>sedem</strong></span> <span class='ocrx_word' id='word_1_204' title='bbox 339 2427 414 2475; x_wconf 88' lang='lat' dir='ltr'><strong>esse</strong></span> <span class='ocrx_word' id='word_1_205' title='bbox 435 2404 525 2494; x_wconf 85' lang='lat' dir='ltr'><strong>vidit,</strong></span> <span class='ocrx_word' id='word_1_206' title='bbox 552 2431 635 2499; x_wconf 89' lang='lat' dir='ltr'><strong>quae</strong></span> <span class='ocrx_word' id='word_1_207' title='bbox 659 2405 901 2500; x_wconf 82' lang='lat' dir='ltr'><strong>perfectissima</strong></span> <span class='ocrx_word' id='word_1_208' title='bbox 924 2408 968 2477; x_wconf 88' lang='lat' dir='ltr'><strong>sit</strong></span> <span class='ocrx_word' id='word_1_209' title='bbox 992 2405 1135 2501; x_wconf 91' lang='lat' dir='ltr'><strong>supremi</strong></span> <span class='ocrx_word' id='word_1_210' title='bbox 1148 2404 1202 2474; x_wconf 86' lang='lat' dir='ltr'><strong>dci</strong></span> <span class='ocrx_word' id='word_1_211' title='bbox 1217 2405 1339 2498; x_wconf 83' lang='lat' dir='ltr'><strong>imago,</strong></span> <span class='ocrx_word' id='word_1_212' title='bbox 1366 2405 1519 2503; x_wconf 85' lang='lat' dir='ltr'><strong>etpulcri</strong></span> <span class='ocrx_word' id='word_1_213' title='bbox 1534 2430 1691 2496; x_wconf 74' lang='lat' dir='ltr'><strong>aurorem,</strong></span> <span class='ocrx_word' id='word_1_214' title='bbox 1717 2429 1781 2501; x_wconf 88' lang='lat' dir='ltr'><strong>quo</strong></span> <span class='ocrx_word' id='word_1_215' title='bbox 1794 2403 1873 2501; x_wconf 88' lang='lat' dir='ltr'><strong>pel-</strong></span> 
     </span>
     <span class='ocr_line' id='line_1_17' title="bbox 205 2511 1873 2618; baseline 0.002 -25"><span class='ocrx_word' id='word_1_216' title='bbox 205 2522 313 2594; x_wconf 90' lang='lat' dir='ltr'><strong>lamur</strong></span> <span class='ocrx_word' id='word_1_217' title='bbox 338 2522 638 2612; x_wconf 81' lang='lat' dir='ltr'><strong>vehementissimo,</strong></span> <span class='ocrx_word' id='word_1_218' title='bbox 670 2526 711 2594; x_wconf 82' lang='lat' dir='ltr'><strong>alr</strong></span> <span class='ocrx_word' id='word_1_219' title='bbox 742 2525 868 2618; x_wconf 69' lang='lat' dir='ltr'><strong>ungium</strong></span> <span class='ocrx_word' id='word_1_220' title='bbox 897 2524 980 2593; x_wconf 89' lang='lat' dir='ltr'><strong>nihil</strong></span> <span class='ocrx_word' id='word_1_221' title='bbox 1003 2523 1069 2593; x_wconf 89' lang='lat' dir='ltr'><strong>nisi</strong></span> <span class='ocrx_word' id='word_1_222' title='bbox 1092 2522 1147 2593; x_wconf 85' lang='lat' dir='ltr'><strong>dei</strong></span> <span class='ocrx_word' id='word_1_223' title='bbox 1167 2511 1312 2594; x_wconf 83' lang='lat' dir='ltr'><strong>amorem</strong></span> <span class='ocrx_word' id='word_1_224' title='bbox 1335 2547 1428 2612; x_wconf 81' lang='lat' dir='ltr'><strong>esse3</strong></span> <span class='ocrx_word' id='word_1_225' title='bbox 1462 2524 1561 2597; x_wconf 86' lang='lat' dir='ltr'><strong>etiam</strong></span> <span class='ocrx_word' id='word_1_226' title='bbox 1587 2524 1738 2595; x_wconf 77' lang='lat' dir='ltr'><strong>virtutem</strong></span> <span class='ocrx_word' id='word_1_227' title='bbox 1762 2546 1873 2596; x_wconf 85' lang='lat' dir='ltr'><strong>uenam</strong></span> 
     </span>
     <span class='ocr_line' id='line_1_18' title="bbox 151 2637 1906 2747; baseline 0.001 -35"><span class='ocrx_word' id='word_1_228' title='bbox 151 2666 159 2697; x_wconf 60' lang='grc' dir='ltr'><strong>ι</strong></span> <span class='ocrx_word' id='word_1_229' title='bbox 207 2648 241 2712; x_wconf 91' lang='lat' dir='ltr'><strong>et</strong></span> <span class='ocrx_word' id='word_1_230' title='bbox 262 2638 444 2737; x_wconf 87' lang='lat' dir='ltr'><strong>perlectam</strong></span> <span class='ocrx_word' id='word_1_231' title='bbox 460 2658 534 2706; x_wconf 84' lang='lat' dir='ltr'><strong>eam</strong></span> <span class='ocrx_word' id='word_1_232' title='bbox 556 2637 683 2705; x_wconf 89' lang='lat' dir='ltr'><strong>censuit</strong></span> <span class='ocrx_word' id='word_1_233' title='bbox 706 2661 792 2725; x_wconf 88' lang='lat' dir='ltr'><strong>esse,</strong></span> <span class='ocrx_word' id='word_1_234' title='bbox 817 2637 847 2707; x_wconf 89' lang='lat' dir='ltr'><strong>si</strong></span> <span class='ocrx_word' id='word_1_235' title='bbox 871 2637 944 2730; x_wconf 89' lang='lat' dir='ltr'><strong>quis</strong></span> <span class='ocrx_word' id='word_1_236' title='bbox 963 2638 1110 2730; x_wconf 89' lang='lat' dir='ltr'><strong>corporis</strong></span> <span class='ocrx_word' id='word_1_237' title='bbox 1131 2638 1270 2707; x_wconf 83' lang='lat' dir='ltr'><strong>vinculis</strong></span> <span class='ocrx_word' id='word_1_238' title='bbox 1289 2648 1443 2731; x_wconf 87' lang='lat' dir='ltr'><strong>quantum</strong></span> <span class='ocrx_word' id='word_1_239' title='bbox 1460 2641 1533 2711; x_wconf 82' lang='lat' dir='ltr'><strong>fieri</strong></span> <span class='ocrx_word' id='word_1_240' title='bbox 1546 2642 1652 2736; x_wconf 88' lang='lat' dir='ltr'><strong>possit</strong></span> <span class='ocrx_word' id='word_1_241' title='bbox 1668 2641 1793 2712; x_wconf 89' lang='lat' dir='ltr'><strong>solutus</strong></span> <span class='ocrx_word' id='word_1_242' title='bbox 1805 2666 1873 2737; x_wconf 87' lang='lat' dir='ltr'><strong>pu·</strong></span> <span class='ocrx_word' id='word_1_243' title='bbox 1903 2736 1906 2747; x_wconf 37' lang='grc' dir='ltr'>Ι</span> 
     </span>
     <span class='ocr_line' id='line_1_19' title="bbox 205 2751 1871 2854; baseline 0 -22"><span class='ocrx_word' id='word_1_244' title='bbox 205 2782 277 2832; x_wconf 85' lang='lat' dir='ltr'><strong>ram</strong></span> <span class='ocrx_word' id='word_1_245' title='bbox 297 2759 333 2831; x_wconf 92' lang='lat' dir='ltr'><strong>in</strong></span> <span class='ocrx_word' id='word_1_246' title='bbox 356 2782 392 2830; x_wconf 90' lang='lat' dir='ltr'><strong>se</strong></span> <span class='ocrx_word' id='word_1_247' title='bbox 415 2763 556 2827; x_wconf 88' lang='lat' dir='ltr'><strong>mentem</strong></span> <span class='ocrx_word' id='word_1_248' title='bbox 578 2754 768 2845; x_wconf 89' lang='lat' dir='ltr'><strong>restituerit,</strong></span> <span class='ocrx_word' id='word_1_249' title='bbox 795 2761 829 2825; x_wconf 90' lang='lat' dir='ltr'><strong>et</strong></span> <span class='ocrx_word' id='word_1_250' title='bbox 843 2752 886 2825; x_wconf 86' lang='lat' dir='ltr'><strong>ad</strong></span> <span class='ocrx_word' id='word_1_251' title='bbox 901 2751 965 2824; x_wconf 89' lang='lat' dir='ltr'><strong>hoe</strong></span> <span class='ocrx_word' id='word_1_252' title='bbox 984 2777 1143 2825; x_wconf 87' lang='lat' dir='ltr'><strong>smnmum</strong></span> <span class='ocrx_word' id='word_1_253' title='bbox 1159 2755 1328 2849; x_wconf 80' lang='lat' dir='ltr'><strong>exemplar</strong></span> <span class='ocrx_word' id='word_1_254' title='bbox 1341 2758 1476 2828; x_wconf 85' lang='lat' dir='ltr'><strong>uirtutes</strong></span> <span class='ocrx_word' id='word_1_255' title='bbox 1491 2758 1570 2829; x_wconf 87' lang='lat' dir='ltr'><strong>illas</strong></span> <span class='ocrx_word' id='word_1_256' title='bbox 1582 2766 1721 2854; x_wconf 89' lang='lat' dir='ltr'><strong>quatuor</strong></span> <span class='ocrx_word' id='word_1_257' title='bbox 1738 2758 1871 2833; x_wconf 88' lang='lat' dir='ltr'><strong>Socra-</strong></span> 
     </span>
    </p>
   </div>
   <div class='ocr_carea' id='block_1_9' title="bbox 76 2872 1872 2983">
    <p class='ocr_par' dir='ltr' id='par_1_9' title="bbox 76 2872 1872 2983">
     <span class='ocr_line' id='line_1_20' title="bbox 76 2872 1872 2983; baseline -0.001 -30"><span class='ocrx_word' id='word_1_258' title='bbox 76 2974 79 2983; x_wconf 32' lang='grc' dir='ltr'>Ι</span> <span class='ocrx_word' id='word_1_259' title='bbox 205 2880 291 2952; x_wconf 88' lang='lat' dir='ltr'><strong>tices</strong></span> <span class='ocrx_word' id='word_1_260' title='bbox 312 2876 497 2965; x_wconf 84' lang='lat' dir='ltr'><strong>revocavit,</strong></span> <span class='ocrx_word' id='word_1_261' title='bbox 524 2880 635 2971; x_wconf 88' lang='lat' dir='ltr'><strong>spreta</strong></span> <span class='ocrx_word' id='word_1_262' title='bbox 660 2879 694 2944; x_wconf 88' lang='lat' dir='ltr'><strong>et</strong></span> <span class='ocrx_word' id='word_1_263' title='bbox 715 2879 880 2947; x_wconf 87' lang='lat' dir='ltr'><strong>contemta</strong></span> <span class='ocrx_word' id='word_1_264' title='bbox 903 2873 1020 2945; x_wconf 84' lang='lat' dir='ltr'><strong>virtute</strong></span> <span class='ocrx_word' id='word_1_265' title='bbox 1043 2872 1121 2964; x_wconf 91' lang='lat' dir='ltr'><strong>ista,</strong></span> <span class='ocrx_word' id='word_1_266' title='bbox 1147 2895 1231 2969; x_wconf 86' lang='lat' dir='ltr'><strong>puae</strong></span> <span class='ocrx_word' id='word_1_267' title='bbox 1255 2872 1291 2944; x_wconf 90' lang='lat' dir='ltr'><strong>in</strong></span> <span class='ocrx_word' id='word_1_268' title='bbox 1313 2873 1431 2947; x_wconf 88' lang='lat' dir='ltr'><strong>officiis</strong></span> <span class='ocrx_word' id='word_1_269' title='bbox 1447 2877 1532 2947; x_wconf 85' lang='lat' dir='ltr'><strong>vitae</strong></span> <span class='ocrx_word' id='word_1_270' title='bbox 1550 2877 1711 2951; x_wconf 89' lang='lat' dir='ltr'><strong>humanae</strong></span> <span class='ocrx_word' id='word_1_271' title='bbox 1727 2877 1872 2951; x_wconf 85' lang='lat' dir='ltr'><strong>adrnini·</strong></span> 
     </span>
    </p>
   </div>
   <div class='ocr_carea' id='block_1_10' title="bbox 202 2987 1953 4171">
    <p class='ocr_par' dir='ltr' id='par_1_10' title="bbox 202 2987 1953 4171">
     <span class='ocr_line' id='line_1_21' title="bbox 205 2987 1869 3102; baseline 0.001 -32"><span class='ocrx_word' id='word_1_272' title='bbox 205 2997 348 3071; x_wconf 85' lang='lat' dir='ltr'><strong>strandis</strong></span> <span class='ocrx_word' id='word_1_273' title='bbox 371 3001 532 3082; x_wconf 63' lang='lat' dir='ltr'><strong>uersatum</strong></span> <span class='ocrx_word' id='word_1_274' title='bbox 546 2987 587 3084; x_wconf 75' lang='grc' dir='ltr'><strong>π)</strong></span> <span class='ocrx_word' id='word_1_275' title='bbox 614 3016 656 3062; x_wconf 83' lang='lat' dir='ltr'><strong>er</strong></span> <span class='ocrx_word' id='word_1_276' title='bbox 679 2990 742 3063; x_wconf 82' lang='lat' dir='ltr'><strong>luae</strong></span> <span class='ocrx_word' id='word_1_277' title='bbox 769 3016 853 3089; x_wconf 91' lang='lat' dir='ltr'><strong>pura</strong></span> <span class='ocrx_word' id='word_1_278' title='bbox 873 2993 942 3063; x_wconf 84' lang='lat' dir='ltr'><strong>ueri</strong></span> <span class='ocrx_word' id='word_1_279' title='bbox 961 2998 1058 3089; x_wconf 80' lang='lat' dir='ltr'><strong>atque</strong></span> <span class='ocrx_word' id='word_1_280' title='bbox 1071 2992 1198 3064; x_wconf 92' lang='lat' dir='ltr'><strong>aeterni</strong></span> <span class='ocrx_word' id='word_1_281' title='bbox 1212 2995 1487 3091; x_wconf 87' lang='lat' dir='ltr'><strong>contemplatione</strong></span> <span class='ocrx_word' id='word_1_282' title='bbox 1503 2996 1726 3102; x_wconf 81' lang='lat' dir='ltr'><strong>beatissimam</strong></span> <span class='ocrx_word' id='word_1_283' title='bbox 1741 3021 1869 3097; x_wconf 86' lang='lat' dir='ltr'><strong>quoque</strong></span> 
     </span>
     <span class='ocr_line' id='line_1_22' title="bbox 205 3109 1871 3208; baseline 0.004 -22"><span class='ocrx_word' id='word_1_284' title='bbox 205 3115 328 3188; x_wconf 82' lang='lat' dir='ltr'><strong>lromini</strong></span> <span class='ocrx_word' id='word_1_285' title='bbox 348 3114 446 3185; x_wconf 72' lang='lat' dir='ltr'><strong>utam</strong></span> <span class='ocrx_word' id='word_1_286' title='bbox 470 3113 550 3184; x_wconf 90' lang='lat' dir='ltr'><strong>oriri</strong></span> <span class='ocrx_word' id='word_1_287' title='bbox 570 3112 738 3183; x_wconf 84' lang='lat' dir='ltr'><strong>inuenerat</strong></span> <span class='ocrx_word' id='word_1_288' title='bbox 761 3121 795 3182; x_wconf 90' lang='lat' dir='ltr'><strong>et</strong></span> <span class='ocrx_word' id='word_1_289' title='bbox 814 3112 900 3183; x_wconf 91' lang='lat' dir='ltr'><strong>hanc</strong></span> <span class='ocrx_word' id='word_1_290' title='bbox 925 3109 1053 3183; x_wconf 87' lang='lat' dir='ltr'><strong>demum</strong></span> <span class='ocrx_word' id='word_1_291' title='bbox 1078 3115 1297 3203; x_wconf 78' lang='grc' dir='ltr'><strong><em>εὐδαιμονίαν</em></strong></span> <span class='ocrx_word' id='word_1_292' title='bbox 1326 3113 1420 3185; x_wconf 90' lang='lat' dir='ltr'><strong>illam</strong></span> <span class='ocrx_word' id='word_1_293' title='bbox 1445 3139 1538 3208; x_wconf 86' lang='lat' dir='ltr'><strong>esse,</strong></span> <span class='ocrx_word' id='word_1_294' title='bbox 1571 3118 1723 3191; x_wconf 88' lang='lat' dir='ltr'><strong>amultis</strong></span> <span class='ocrx_word' id='word_1_295' title='bbox 1745 3118 1871 3192; x_wconf 80' lang='lat' dir='ltr'><strong>trustra</strong></span> 
     </span>
     <span class='ocr_line' id='line_1_23' title="bbox 206 3227 1871 3331; baseline 0.003 -27"><span class='ocrx_word' id='word_1_296' title='bbox 206 3233 404 3331; x_wconf 83' lang='lat' dir='ltr'><strong>quaesitum3</strong></span> <span class='ocrx_word' id='word_1_297' title='bbox 426 3227 468 3323; x_wconf 79' lang='lat'><strong>²⁸)</strong></span> <span class='ocrx_word' id='word_1_298' title='bbox 501 3232 587 3303; x_wconf 88' lang='lat' dir='ltr'><strong>hanc</strong></span> <span class='ocrx_word' id='word_1_299' title='bbox 616 3237 789 3327; x_wconf 82' lang='lat' dir='ltr'><strong>purgatam</strong></span> <span class='ocrx_word' id='word_1_300' title='bbox 814 3230 941 3301; x_wconf 85' lang='lat' dir='ltr'><strong>demum</strong></span> <span class='ocrx_word' id='word_1_301' title='bbox 966 3228 1106 3301; x_wconf 85' lang='lat' dir='ltr'><strong>hominis</strong></span> <span class='ocrx_word' id='word_1_302' title='bbox 1131 3237 1272 3302; x_wconf 90' lang='lat' dir='ltr'><strong>mentem</strong></span> <span class='ocrx_word' id='word_1_303' title='bbox 1297 3239 1332 3302; x_wconf 87' lang='lat' dir='ltr'><strong>et</strong></span> <span class='ocrx_word' id='word_1_304' title='bbox 1356 3256 1433 3304; x_wconf 81' lang='lat' dir='ltr'><strong>uere</strong></span> <span class='ocrx_word' id='word_1_305' title='bbox 1456 3235 1674 3308; x_wconf 80' lang='lat' dir='ltr'><strong>immortalem</strong></span> <span class='ocrx_word' id='word_1_306' title='bbox 1687 3231 1732 3328; x_wconf 75' lang='lat'><strong>²⁹)</strong></span> <span class='ocrx_word' id='word_1_307' title='bbox 1759 3246 1792 3311; x_wconf 88' lang='lat' dir='ltr'><strong>et</strong></span> <span class='ocrx_word' id='word_1_308' title='bbox 1821 3238 1871 3309; x_wconf 87' lang='lat' dir='ltr'><strong>li·</strong></span> 
     </span>
     <span class='ocr_line' id='line_1_24' title="bbox 204 3346 1871 3454; baseline 0.002 -26"><span class='ocrx_word' id='word_1_309' title='bbox 204 3355 318 3428; x_wconf 87' lang='lat' dir='ltr'><strong>beram</strong></span> <span class='ocrx_word' id='word_1_310' title='bbox 331 3346 374 3445; x_wconf 79' lang='lat'><strong>⁸⁰)</strong></span> <span class='ocrx_word' id='word_1_311' title='bbox 409 3374 482 3445; x_wconf 82' lang='lat' dir='ltr'><strong>esse</strong></span> <span class='ocrx_word' id='word_1_312' title='bbox 506 3352 690 3448; x_wconf 80' lang='lat' dir='ltr'><strong>perspexit,</strong></span> <span class='ocrx_word' id='word_1_313' title='bbox 724 3349 830 3422; x_wconf 89' lang='lat' dir='ltr'><strong>ethis</strong></span> <span class='ocrx_word' id='word_1_314' title='bbox 852 3348 1053 3445; x_wconf 71' lang='lat' dir='ltr'><strong>grauismmis</strong></span> <span class='ocrx_word' id='word_1_315' title='bbox 1083 3349 1327 3445; x_wconf 84' lang='lat' dir='ltr'><strong>quaestionibus</strong></span> <span class='ocrx_word' id='word_1_316' title='bbox 1350 3351 1560 3425; x_wconf 87' lang='lat' dir='ltr'><strong>Platonicam</strong></span> <span class='ocrx_word' id='word_1_317' title='bbox 1581 3352 1689 3427; x_wconf 90' lang='lat' dir='ltr'><strong>lacem</strong></span> <span class='ocrx_word' id='word_1_318' title='bbox 1715 3357 1871 3454; x_wconf 89' lang='lat' dir='ltr'><strong>praetulit</strong></span> 
     </span>
     <span class='ocr_line' id='line_1_25' title="bbox 203 3468 1871 3571; baseline 0.004 -25"><span class='ocrx_word' id='word_1_319' title='bbox 203 3474 272 3567; x_wconf 90' lang='lat' dir='ltr'><strong>ita,</strong></span> <span class='ocrx_word' id='word_1_320' title='bbox 308 3478 346 3544; x_wconf 91' lang='lat' dir='ltr'><strong>ut</strong></span> <span class='ocrx_word' id='word_1_321' title='bbox 368 3470 520 3544; x_wconf 88' lang='lat' dir='ltr'><strong>Platonis</strong></span> <span class='ocrx_word' id='word_1_322' title='bbox 543 3470 584 3544; x_wconf 83' lang='lat' dir='ltr'><strong>de</strong></span> <span class='ocrx_word' id='word_1_323' title='bbox 610 3471 653 3543; x_wconf 86' lang='lat' dir='ltr'><strong>iis</strong></span> <span class='ocrx_word' id='word_1_324' title='bbox 683 3469 773 3543; x_wconf 78' lang='lat' dir='ltr'><strong>(licta</strong></span> <span class='ocrx_word' id='word_1_325' title='bbox 804 3471 906 3542; x_wconf 90' lang='lat' dir='ltr'><strong>multo</strong></span> <span class='ocrx_word' id='word_1_326' title='bbox 935 3468 1113 3567; x_wconf 81' lang='lat' dir='ltr'><strong>perfectius</strong></span> <span class='ocrx_word' id='word_1_327' title='bbox 1142 3469 1338 3542; x_wconf 76' lang='lat' dir='ltr'><strong>enuntiaret.</strong></span> <span class='ocrx_word' id='word_1_328' title='bbox 1401 3470 1472 3546; x_wconf 85' lang='lat' dir='ltr'><strong>Sed</strong></span> <span class='ocrx_word' id='word_1_329' title='bbox 1506 3472 1606 3544; x_wconf 88' lang='lat' dir='ltr'><strong>etiam</strong></span> <span class='ocrx_word' id='word_1_330' title='bbox 1637 3477 1871 3571; x_wconf 88' lang='lat' dir='ltr'><strong>cogitationem·</strong></span> 
     </span>
     <span class='ocr_line' id='line_1_26' title="bbox 204 3588 1869 3688; baseline 0.002 -22"><span class='ocrx_word' id='word_1_331' title='bbox 204 3592 301 3667; x_wconf 87' lang='lat' dir='ltr'><strong>iussit</strong></span> <span class='ocrx_word' id='word_1_332' title='bbox 323 3616 345 3664; x_wconf 93' lang='lat' dir='ltr'><strong>a</strong></span> <span class='ocrx_word' id='word_1_333' title='bbox 369 3592 507 3687; x_wconf 87' lang='lat' dir='ltr'><strong>singulis</strong></span> <span class='ocrx_word' id='word_1_334' title='bbox 529 3594 628 3665; x_wconf 65' lang='lat' dir='ltr'><strong>relius</strong></span> <span class='ocrx_word' id='word_1_335' title='bbox 647 3591 792 3683; x_wconf 84' lang='lat' dir='ltr'><strong>auocari,</strong></span> <span class='ocrx_word' id='word_1_336' title='bbox 818 3598 852 3662; x_wconf 88' lang='lat' dir='ltr'><strong>et</strong></span> <span class='ocrx_word' id='word_1_337' title='bbox 874 3614 1031 3663; x_wconf 89' lang='lat' dir='ltr'><strong>summum</strong></span> <span class='ocrx_word' id='word_1_338' title='bbox 1053 3588 1248 3663; x_wconf 86' lang='lat' dir='ltr'><strong>dialecticae</strong></span> <span class='ocrx_word' id='word_1_339' title='bbox 1270 3615 1352 3688; x_wconf 88' lang='lat' dir='ltr'><strong>opus</strong></span> <span class='ocrx_word' id='word_1_340' title='bbox 1376 3591 1411 3662; x_wconf 87' lang='lat' dir='ltr'><strong>id</strong></span> <span class='ocrx_word' id='word_1_341' title='bbox 1436 3615 1510 3665; x_wconf 86' lang='lat' dir='ltr'><strong>esse</strong></span> <span class='ocrx_word' id='word_1_342' title='bbox 1537 3594 1673 3686; x_wconf 85' lang='lat' dir='ltr'><strong>monuit,</strong></span> <span class='ocrx_word' id='word_1_343' title='bbox 1707 3603 1744 3668; x_wconf 92' lang='lat' dir='ltr'><strong>ut</strong></span> <span class='ocrx_word' id='word_1_344' title='bbox 1771 3619 1869 3670; x_wconf 90' lang='lat' dir='ltr'><strong>men·</strong></span> 
     </span>
     <span class='ocr_line' id='line_1_27' title="bbox 205 3709 1953 3819; baseline 0.002 -33"><span class='ocrx_word' id='word_1_345' title='bbox 205 3722 273 3788; x_wconf 92' lang='lat' dir='ltr'><strong>tem</strong></span> <span class='ocrx_word' id='word_1_346' title='bbox 304 3712 477 3799; x_wconf 85' lang='lat' dir='ltr'><strong>humanam</strong></span> <span class='ocrx_word' id='word_1_347' title='bbox 507 3712 654 3786; x_wconf 37' lang='lat' dir='ltr'><strong>adsuere</strong></span> <span class='ocrx_word' id='word_1_348' title='bbox 674 3720 771 3808; x_wconf 87' lang='lat' dir='ltr'><strong>atque</strong></span> <span class='ocrx_word' id='word_1_349' title='bbox 795 3718 929 3819; x_wconf 76' lang='lat' dir='ltr'><strong>aeterna</strong></span> <span class='ocrx_word' id='word_1_350' title='bbox 951 3709 1180 3807; x_wconf 85' lang='lat' dir='ltr'><strong>cognoscenda</strong></span> <span class='ocrx_word' id='word_1_351' title='bbox 1199 3719 1356 3808; x_wconf 86' lang='lat' dir='ltr'><strong>purgaret</strong></span> <span class='ocrx_word' id='word_1_352' title='bbox 1379 3736 1420 3784; x_wconf 89' lang='lat' dir='ltr'><strong>ac</strong></span> <span class='ocrx_word' id='word_1_353' title='bbox 1443 3723 1674 3810; x_wconf 83' lang='lat' dir='ltr'><strong>praepararet3</strong></span> <span class='ocrx_word' id='word_1_354' title='bbox 1691 3710 1732 3812; x_wconf 83' lang='lat'><strong>⁸¹)</strong></span> <span class='ocrx_word' id='word_1_355' title='bbox 1768 3716 1864 3809; x_wconf 85' lang='lat' dir='ltr'><strong>adeo,</strong></span> <span class='ocrx_word' id='word_1_356' title='bbox 1945 3766 1953 3795; x_wconf 83' lang='grc'><strong>.</strong></span> 
     </span>
     <span class='ocr_line' id='line_1_28' title="bbox 204 3831 1946 3930; baseline 0.001 -25"><span class='ocrx_word' id='word_1_357' title='bbox 204 3834 252 3906; x_wconf 91' lang='lat' dir='ltr'><strong>uti</strong></span> <span class='ocrx_word' id='word_1_358' title='bbox 275 3857 375 3930; x_wconf 89' lang='lat' dir='ltr'><strong>supra</strong></span> <span class='ocrx_word' id='word_1_359' title='bbox 395 3838 535 3906; x_wconf 90' lang='lat' dir='ltr'><strong>mentem</strong></span> <span class='ocrx_word' id='word_1_360' title='bbox 560 3832 700 3904; x_wconf 86' lang='lat' dir='ltr'><strong>diuinam</strong></span> <span class='ocrx_word' id='word_1_361' title='bbox 720 3857 862 3905; x_wconf 87' lang='lat' dir='ltr'><strong>summus</strong></span> <span class='ocrx_word' id='word_1_362' title='bbox 883 3831 962 3904; x_wconf 85' lang='lat' dir='ltr'><strong>deus</strong></span> <span class='ocrx_word' id='word_1_363' title='bbox 983 3831 1090 3905; x_wconf 90' lang='lat' dir='ltr'><strong>elatus</strong></span> <span class='ocrx_word' id='word_1_364' title='bbox 1112 3831 1168 3924; x_wconf 88' lang='lat' dir='ltr'><strong>sit,</strong></span> <span class='ocrx_word' id='word_1_365' title='bbox 1194 3831 1244 3904; x_wconf 91' lang='lat' dir='ltr'><strong>sic</strong></span> <span class='ocrx_word' id='word_1_366' title='bbox 1264 3841 1406 3906; x_wconf 90' lang='lat' dir='ltr'><strong>mentem</strong></span> <span class='ocrx_word' id='word_1_367' title='bbox 1427 3832 1601 3906; x_wconf 85' lang='lat' dir='ltr'><strong>hmnanam</strong></span> <span class='ocrx_word' id='word_1_368' title='bbox 1626 3857 1725 3929; x_wconf 86' lang='lat' dir='ltr'><strong>supra</strong></span> <span class='ocrx_word' id='word_1_369' title='bbox 1749 3857 1786 3906; x_wconf 91' lang='lat' dir='ltr'><strong>se</strong></span> <span class='ocrx_word' id='word_1_370' title='bbox 1801 3843 1867 3930; x_wconf 80' lang='lat' dir='ltr'><strong>at·</strong></span> <span class='ocrx_word' id='word_1_371' title='bbox 1943 3834 1946 3839; x_wconf 78' lang='grc'><strong>’</strong></span> 
     </span>
     <span class='ocr_line' id='line_1_29' title="bbox 204 3951 1866 4050; baseline 0.001 -24"><span class='ocrx_word' id='word_1_372' title='bbox 204 3951 278 4026; x_wconf 87' lang='lat' dir='ltr'><strong>tulli</strong></span> <span class='ocrx_word' id='word_1_373' title='bbox 299 3953 410 4044; x_wconf 83' lang='lat' dir='ltr'><strong>voluit,</strong></span> <span class='ocrx_word' id='word_1_374' title='bbox 436 3960 470 4027; x_wconf 88' lang='lat' dir='ltr'><strong>et</strong></span> <span class='ocrx_word' id='word_1_375' title='bbox 496 3954 714 4027; x_wconf 86' lang='lat' dir='ltr'><strong>certissimam</strong></span> <span class='ocrx_word' id='word_1_376' title='bbox 734 3952 787 4024; x_wconf 89' lang='lat' dir='ltr'><strong>dei</strong></span> <span class='ocrx_word' id='word_1_377' title='bbox 810 3952 1045 4025; x_wconf 86' lang='lat' dir='ltr'><strong>conscientiam</strong></span> <span class='ocrx_word' id='word_1_378' title='bbox 1067 3953 1103 4024; x_wconf 93' lang='lat' dir='ltr'><strong>in</strong></span> <span class='ocrx_word' id='word_1_379' title='bbox 1126 3952 1197 4024; x_wconf 86' lang='lat' dir='ltr'><strong>visu</strong></span> <span class='ocrx_word' id='word_1_380' title='bbox 1219 3951 1329 4050; x_wconf 91' lang='lat' dir='ltr'><strong>aliquo</strong></span> <span class='ocrx_word' id='word_1_381' title='bbox 1351 3954 1479 4026; x_wconf 89' lang='lat' dir='ltr'><strong>interno</strong></span> <span class='ocrx_word' id='word_1_382' title='bbox 1496 3961 1592 4050; x_wconf 89' lang='lat' dir='ltr'><strong>atque</strong></span> <span class='ocrx_word' id='word_1_383' title='bbox 1607 3952 1725 4024; x_wconf 90' lang='lat' dir='ltr'><strong>intuitu</strong></span> <span class='ocrx_word' id='word_1_384' title='bbox 1740 3976 1866 4050; x_wconf 90' lang='lat' dir='ltr'><strong>ponens</strong></span> 
     </span>
     <span class='ocr_line' id='line_1_30' title="bbox 202 4070 1865 4171; baseline 0.001 -25"><span class='ocrx_word' id='word_1_385' title='bbox 202 4095 320 4147; x_wconf 84' lang='lat' dir='ltr'><strong>nouam</strong></span> <span class='ocrx_word' id='word_1_386' title='bbox 344 4071 399 4144; x_wconf 81' lang='lat' dir='ltr'><strong>(lei</strong></span> <span class='ocrx_word' id='word_1_387' title='bbox 422 4070 642 4171; x_wconf 84' lang='lat' dir='ltr'><strong>cognoscendi</strong></span> <span class='ocrx_word' id='word_1_388' title='bbox 662 4073 746 4147; x_wconf 85' lang='lat' dir='ltr'><strong>riam</strong></span> <span class='ocrx_word' id='word_1_389' title='bbox 761 4073 937 4166; x_wconf 86' lang='lat' dir='ltr'><strong>indicarit,</strong></span> <span class='ocrx_word' id='word_1_390' title='bbox 968 4095 1035 4146; x_wconf 90' lang='lat' dir='ltr'><strong>non</strong></span> <span class='ocrx_word' id='word_1_391' title='bbox 1058 4073 1208 4171; x_wconf 88' lang='lat' dir='ltr'><strong>aperuit,</strong></span> <span class='ocrx_word' id='word_1_392' title='bbox 1243 4074 1320 4171; x_wconf 85' lang='lat' dir='ltr'><strong>quia</strong></span> <span class='ocrx_word' id='word_1_393' title='bbox 1340 4097 1451 4146; x_wconf 85' lang='lat' dir='ltr'><strong>ueram</strong></span> <span class='ocrx_word' id='word_1_394' title='bbox 1474 4072 1678 4147; x_wconf 73' lang='lat' dir='ltr'><strong>chrmtiauae</strong></span> <span class='ocrx_word' id='word_1_395' title='bbox 1696 4071 1865 4148; x_wconf 83' lang='lat' dir='ltr'><strong>doctrinae</strong></span> 
     </span>
    </p>
   </div>
   <div class='ocr_carea' id='block_1_11' title="bbox 248 4321 1229 4603">
    <p class='ocr_par' dir='ltr' id='par_1_11' title="bbox 248 4321 1229 4603">
     <span class='ocr_line' id='line_1_31' title="bbox 253 4321 1044 4401; baseline 0.001 -22"><span class='ocrx_word' id='word_1_396' title='bbox 253 4324 290 4394; x_wconf 80' lang='lat'><strong>⁹⁷)</strong></span> <span class='ocrx_word' id='word_1_397' title='bbox 308 4324 434 4379; x_wconf 80' lang='lat' dir='ltr'><strong>Versetur</strong></span> <span class='ocrx_word' id='word_1_398' title='bbox 450 4323 475 4375; x_wconf 87' lang='lat' dir='ltr'><strong>in</strong></span> <span class='ocrx_word' id='word_1_399' title='bbox 493 4321 542 4378; x_wconf 80' lang='lat' dir='ltr'><strong>lau</strong></span> <span class='ocrx_word' id='word_1_400' title='bbox 559 4326 748 4380; x_wconf 76' lang='lat' dir='ltr'><strong>materialiter</strong></span> <span class='ocrx_word' id='word_1_401' title='bbox 765 4327 829 4401; x_wconf 71' lang='lat' dir='ltr'><strong>nupt</strong></span> <span class='ocrx_word' id='word_1_402' title='bbox 845 4324 960 4401; x_wconf 72' lang='grc' dir='ltr'><strong>ἀραιῶν,</strong></span> <span class='ocrx_word' id='word_1_403' title='bbox 978 4327 1001 4393; x_wconf 92' lang='lat'><strong>1,</strong></span> <span class='ocrx_word' id='word_1_404' title='bbox 1017 4331 1044 4380; x_wconf 76' lang='lat'><strong>2.</strong></span> 
     </span>
     <span class='ocr_line' id='line_1_32' title="bbox 248 4423 1148 4497; baseline 0.006 -19"><span class='ocrx_word' id='word_1_405' title='bbox 248 4423 286 4494; x_wconf 76' lang='lat'><strong>⁹⁸)</strong></span> <span class='ocrx_word' id='word_1_406' title='bbox 304 4426 376 4479; x_wconf 75' lang='lat' dir='ltr'><strong>Duos</strong></span> <span class='ocrx_word' id='word_1_407' title='bbox 394 4426 629 4494; x_wconf 76' lang='lat' dir='ltr'><strong>praestantissimos</strong></span> <span class='ocrx_word' id='word_1_408' title='bbox 646 4427 679 4480; x_wconf 86' lang='lat' dir='ltr'><strong>de</strong></span> <span class='ocrx_word' id='word_1_409' title='bbox 696 4426 744 4483; x_wconf 82' lang='lat' dir='ltr'><strong>hae</strong></span> <span class='ocrx_word' id='word_1_410' title='bbox 762 4442 791 4482; x_wconf 87' lang='lat' dir='ltr'><strong>re</strong></span> <span class='ocrx_word' id='word_1_411' title='bbox 809 4429 890 4483; x_wconf 85' lang='lat' dir='ltr'><strong>libros</strong></span> <span class='ocrx_word' id='word_1_412' title='bbox 907 4429 1019 4497; x_wconf 79' lang='lat' dir='ltr'><strong>scripsit,</strong></span> <span class='ocrx_word' id='word_1_413' title='bbox 1038 4428 1059 4494; x_wconf 91' lang='lat' dir='ltr'><strong>l,</strong></span> <span class='ocrx_word' id='word_1_414' title='bbox 1077 4432 1102 4482; x_wconf 77' lang='lat'><strong>4.</strong></span> <span class='ocrx_word' id='word_1_415' title='bbox 1120 4432 1148 4483; x_wconf 75' lang='grc'><strong>6.</strong></span> 
     </span>
     <span class='ocr_line' id='line_1_33' title="bbox 248 4525 1229 4603; baseline 0.004 -23"><span class='ocrx_word' id='word_1_416' title='bbox 248 4525 284 4592; x_wconf 78' lang='lat'><strong>⁹⁰)</strong></span> <span class='ocrx_word' id='word_1_417' title='bbox 303 4527 394 4580; x_wconf 79' lang='lat' dir='ltr'><strong>Aurata</strong></span> <span class='ocrx_word' id='word_1_418' title='bbox 412 4527 488 4581; x_wconf 77' lang='lat' dir='ltr'><strong>dietis</strong></span> <span class='ocrx_word' id='word_1_419' title='bbox 505 4526 619 4594; x_wconf 79' lang='lat' dir='ltr'><strong>repletus</strong></span> <span class='ocrx_word' id='word_1_420' title='bbox 637 4530 760 4582; x_wconf 76' lang='lat' dir='ltr'><strong>celtiber</strong></span> <span class='ocrx_word' id='word_1_421' title='bbox 777 4531 842 4603; x_wconf 75' lang='grc' dir='ltr'><strong>περ)</strong></span> <span class='ocrx_word' id='word_1_422' title='bbox 854 4527 1009 4592; x_wconf 75' lang='grc' dir='ltr'><em>ἀθανασίας</em></span> <span class='ocrx_word' id='word_1_423' title='bbox 1023 4533 1122 4600; x_wconf 79' lang='grc' dir='ltr'><strong><em>ψυχῆς,</em></strong></span> <span class='ocrx_word' id='word_1_424' title='bbox 1140 4530 1186 4597; x_wconf 87' lang='lat' dir='ltr'><strong>lV,</strong></span> <span class='ocrx_word' id='word_1_425' title='bbox 1203 4534 1229 4584; x_wconf 79' lang='lat' dir='ltr'><strong>l.</strong></span> 
     </span>
    </p>
   </div>
   <div class='ocr_carea' id='block_1_12' title="bbox 250 4624 1865 4783">
    <p class='ocr_par' dir='ltr' id='par_1_12' title="bbox 250 4624 1865 4783">
     <span class='ocr_line' id='line_1_34' title="bbox 250 4624 1865 4768; baseline 0.004 -90"><span class='ocrx_word' id='word_1_426' title='bbox 250 4624 286 4696; x_wconf 74' lang='lat'><strong>¹⁰)</strong></span> <span class='ocrx_word' id='word_1_427' title='bbox 303 4627 412 4682; x_wconf 74' lang='lat' dir='ltr'><strong>Tractat</strong></span> <span class='ocrx_word' id='word_1_428' title='bbox 428 4628 497 4768; x_wconf 75' lang='lat' dir='ltr'><strong>hunp</strong></span> <span class='ocrx_word' id='word_1_429' title='bbox 512 4630 596 4727; x_wconf 68' lang='lat' dir='ltr'><strong>lecum</strong></span> <span class='ocrx_word' id='word_1_430' title='bbox 613 4630 638 4684; x_wconf 86' lang='lat' dir='ltr'><strong>iu</strong></span> <span class='ocrx_word' id='word_1_431' title='bbox 655 4630 724 4682; x_wconf 77' lang='lat' dir='ltr'><strong>libris</strong></span> <span class='ocrx_word' id='word_1_432' title='bbox 741 4631 842 4687; x_wconf 78' lang='lat' dir='ltr'><strong>duobus</strong></span> <span class='ocrx_word' id='word_1_433' title='bbox 858 4634 924 4708; x_wconf 74' lang='grc' dir='ltr'><strong>περὶ</strong></span> <span class='ocrx_word' id='word_1_434' title='bbox 941 4636 1082 4708; x_wconf 75' lang='grc' dir='ltr'><em>προνοίας,</em></span> <span class='ocrx_word' id='word_1_435' title='bbox 1100 4631 1148 4700; x_wconf 87' lang='lat'><strong>111,</strong></span> <span class='ocrx_word' id='word_1_436' title='bbox 1164 4637 1189 4687; x_wconf 77' lang='lat'><em>2</em></span> <span class='ocrx_word' id='word_1_437' title='bbox 1207 4638 1232 4688; x_wconf 81' lang='lat'><strong>³.</strong></span> <span class='ocrx_word' id='word_1_438' title='bbox 1250 4638 1304 4687; x_wconf 85' lang='lat' dir='ltr'><strong>turn</strong></span> <span class='ocrx_word' id='word_1_439' title='bbox 1320 4630 1367 4697; x_wconf 81' lang='lat' dir='ltr'><strong>vl,</strong></span> <span class='ocrx_word' id='word_1_440' title='bbox 1383 4635 1408 4684; x_wconf 75' lang='grc'><strong>8.</strong></span> <span class='ocrx_word' id='word_1_441' title='bbox 1426 4628 1493 4706; x_wconf 72' lang='grc' dir='ltr'><strong>περὶ</strong></span> <span class='ocrx_word' id='word_1_442' title='bbox 1514 4630 1564 4686; x_wconf 79' lang='grc' dir='ltr'><strong>τοῦ</strong></span> <span class='ocrx_word' id='word_1_443' title='bbox 1579 4627 1705 4687; x_wconf 72' lang='grc' dir='ltr'><strong><em>ἑκουσίου</em></strong></span> <span class='ocrx_word' id='word_1_444' title='bbox 1721 4629 1768 4688; x_wconf 76' lang='lat' dir='ltr'><strong>aul</strong></span> <span class='ocrx_word' id='word_1_445' title='bbox 1781 4625 1865 4700; x_wconf 65' lang='lat' dir='ltr'><strong>teip&#39;·</strong></span> 
     </span>
     <span class='ocr_line' id='line_1_35' title="bbox 303 4731 548 4783; baseline 0.012 -18"><span class='ocrx_word' id='word_1_446' title='bbox 303 4731 389 4783; x_wconf 68' lang='grc' dir='ltr'><em>μαῐθς</em></span> <span class='ocrx_word' id='word_1_447' title='bbox 408 4733 456 4768; x_wconf 74' lang='grc' dir='ltr'><strong>1ου</strong></span> <span class='ocrx_word' id='word_1_448' title='bbox 494 4733 548 4774; x_wconf 66' lang='grc' dir='ltr'><strong>νος.</strong></span> 
     </span>
    </p>
   </div>
   <div class='ocr_carea' id='block_1_13' title="bbox 247 4793 719 4886">
    <p class='ocr_par' dir='ltr' id='par_1_13' title="bbox 247 4793 719 4886">
     <span class='ocr_line' id='line_1_36' title="bbox 247 4793 719 4886; baseline 0.011 -17"><span class='ocrx_word' id='word_1_449' title='bbox 247 4809 287 4885; x_wconf 79' lang='lat'><strong>⁸¹)</strong></span> <span class='ocrx_word' id='word_1_450' title='bbox 303 4813 334 4870; x_wconf 87' lang='lat' dir='ltr'><strong>ln</strong></span> <span class='ocrx_word' id='word_1_451' title='bbox 351 4793 467 4872; x_wconf 51' lang='lat' dir='ltr'><strong>libro&#39;de</strong></span> <span class='ocrx_word' id='word_1_452' title='bbox 483 4816 632 4885; x_wconf 71' lang='grc' dir='ltr'><strong>ἀίιΙααῑίαα,</strong></span> <span class='ocrx_word' id='word_1_453' title='bbox 653 4815 719 4886; x_wconf 51' lang='lat' dir='ltr'><strong>ld.</strong></span> 
     </span>
    </p>
   </div>
   <div class='ocr_carea' id='block_1_14' title="bbox 0 0 2198 5618">
    <p class='ocr_par' dir='ltr' id='par_1_14' title="bbox 0 0 2198 5618">
     <span class='ocr_line' id='line_1_37' title="bbox 0 0 2198 5618; baseline 0 3"><span class='ocrx_word' id='word_1_454' title='bbox 0 0 2198 5618; x_wconf 95' lang='lat' dir='ltr'><strong> </strong></span> 
     </span>
    </p>
   </div>
  </div>
 </body>
</html>
