4386 5618
1026 412 1268 531 ...2⁰-

308 623 365 701 iis
384 621 645 722 composuisset
668 621 734 697 huc
757 618 835 694 huic
856 616 1030 717 scriptioni
1043 618 1214 716 proposito
1237 615 1339 690 haud.
1352 616 1495 691 ahenum
1519 618 1595 692 erit.
1647 616 1793 694 Omnino
1809 620 1908 717 enirn,
1930 621 1980 696 ati

308 768 429 844 carpus
446 747 573 837 umbra,
596 743 648 816 sic
663 741 879 839 grammatica
891 738 1132 836 philosophiam
1146 737 1304 834 uethur,
1330 759 1601 836 nsque-umquam
1615 743 1854 839 -rerusexstitit
1867 742 1980 842 pbilo-

308 853 443 963 sophus‚
469 866 526 963 qui
549 887 617 936 non
641 870 699 934 aut
714 863 786 958 ipse
799 860 1033 957 grammaticus
1051 858 1151 930 iacuit
1167 866 1225 931 aut
1238 857 1388 930 doctriua
1402 881 1464 932 sua
1476 881 1593 931 noram
1617 860 1672 952 iis,
1697 863 1752 959 qui
1766 861 1853 935 hauc
1877 871 1985 938 artem

307 992 464 1080 trwtaut,
490 986 575 1057 riam
590 1006 633 1055 ac
647 981 809 1054 rationem
825 981 1008 1078 aperuerit3
1032 1003 1110 1071 narn
1124 1002 1188 1076 quo
1203 978 1275 1075 quis
1288 977 1387 1052 altius
1399 979 1567 1053 notionum
1584 1005 1793 1076 summarum,
1820 1007 1902 1081 quas
1918 1006 1983 1056 cc-

308 1104 443 1203 gitsndo
469 1127 561 1175 meus
586 1101 721 1195 iurauit,
746 1108 897 1173 naturam
923 1107 1019 1197 atque
1044 1100 1227 1172 ulrertaim
1251 1099 1416 1194 cognorit,
1442 1122 1481 1171 eo
1496 1100 1619 1173 rectius
1637 1100 1678 1173 de
1697 1101 1830 1198 linguae
1854 1097 1984 1200 orimus

307 1247 353 1299 ae
374 1223 505 1316 legibus
529 1220 700 1312 iudicabit,
727 1244 825 1317 quum
847 1218 957 1293 verbis
981 1220 1132 1294 notiones
1158 1219 1252 1316 quusi
1269 1219 1416 1315 speculo,
1441 1219 1477 1290 in
1490 1243 1554 1317 quo
1568 1218 1983 1295 iidissiruamrcruurirua·

306 1341 418 1441 gisem
443 1341 649 1438 inspicimus,
673 1339 853 1413 reddantur
877 1348 975 1438 atque
998 1341 1234 1436 exprimantur.
1277 1338 1498 1431 Quamobrem
1513 1341 1719 1435 grammatici
1734 1339 1874 1435 Graeci,
1899 1368 1983 1442 quos

307 1461 411 1535 urnlto
436 1461 588 1535 subtilius
612 1460 854 1535 recentioribus
874 1461 1040 1558 plerisque
1065 1459 1198 1555 liuguae
1222 1458 1315 1554 leges
1341 1482 1383 1531 ac
1406 1459 1553 1531 rationes
1578 1461 1768 1556 explorasse
1792 1482 1889 1537 neruo
1913 1487 1980 1538 ue·

149 1656 152 1661 .
306 1565 411 1680 flabit,
437 1589 472 1656 et
497 1606 539 1655 ex
554 1580 773 1655 Aristotelian
791 1565 999 1680 philosophia
1019 1588 1054 1654 ct
1072 1603 1115 1652 er
1129 1578 1318 1653 Stoicorum
1334 1578 1485 1651 doctrina
1495 1580 1578 1653 artis
1593 1603 1674 1653 suae
1690 1589 1725 1653 et
1737 1606 1865 1659 summa
1878 1606 1983 1681 proo-

306 1709 406 1801 cepto
430 1711 466 1775 et
489 1702 585 1775 initio
608 1725 650 1774 ao
674 1701 838 1799 principia
861 1701 993 1775 baurim
1019 1707 1272 1788 consueueraut3
1306 1722 1384 1773 nam
1407 1705 1465 1771 aut
1488 1698 1532 1772 ad
1563 1699 1679 1773 decem
1699 1700 1893 1775 Armmmlis
1922 1712 1982 1776 ut

306 1821 352 1911 Εὖ
368 1828 506 1918 immiti
518 1819 708 1895 Sfflifflfflm
724 1820 910 1916 megalius
923 1820 1070 1916 singulas
1084 1820 1241 1895 orationis
1256 1827 1368 1916 partes
1380 1817 1536 1891 resecare
1557 1816 1733 1892 studebant
1749 1828 1784 1895 et
1797 1846 1850 1896 -en
1871 1822 1981 1897 disei-

306 1939 402 2040 plina
424 1941 537 2037 logica
567 1939 735 2035 utriusque
765 1940 903 2014 scholae
933 1947 1083 2037 repetere
1107 1963 1277 2037 supremas
1301 1939 1473 2012 uerborum
1497 1938 1788 2045 construendorum
1812 1948 1848 2014 et
1872 1965 1981 2040 copu-
2123 1988 2129 1997 -

242 2046 243 2049 ¹
306 2058 480 2133 ludorum
514 2059 619 2156 leges.
677 2059 786 2133 Multo
821 2060 928 2132 suiuus
959 2084 1036 2134 uero
1070 2059 1277 2156 grammatici
1309 2056 1434 2156 antiqui
1457 2057 1634 2133 Platonem
1665 2060 1799 2156 eiusque
1831 2061 1981 2139 scholam

150 2199 178 2230 ·’
306 2180 427 2254 sectati
452 2188 539 2274 sunt,
566 2179 652 2278 quod
677 2204 757 2253 sane
784 2179 977 2255 admirabile
1003 2180 1104 2253 alicui
1128 2180 1294 2269 rideatur3
1318 2203 1396 2252 nam
1418 2178 1544 2277 primus
1564 2181 1706 2252 omniurn
1723 2179 1824 2255 Plato
1844 2183 1981 2256 rectiori

305 2301 543 2398 grammaticae
569 2301 748 2399 cognitioni
773 2300 984 2374 fundamenta
1007 2301 1088 2374 iecit
1111 2300 1148 2372 in
1173 2297 1320 2396 Gratylu,
1333 2293 1397 2396 ¹²⁴)·
1422 2299 1588 2396 quilibet
1612 2301 1823 2374 etiamnunc
1845 2302 1980 2378 minime

204 2511 208 2517 Ι
306 2420 523 2516 negligendus
549 2427 601 2490 est
624 2421 686 2509 iis,
719 2421 776 2513 qui
800 2420 898 2490 altius
923 2420 984 2490 bas
1007 2444 1063 2490 res
1097 2418 1255 2510 indagem
1281 2419 1402 2487 volunt.
1457 2416 1529 2488 Sed
1553 2442 1619 2487 nou
1644 2421 1716 2487 sine
1741 2443 1844 2491 eausa
1869 2422 1980 2518 aliqua
2047 2491 2049 2495 .

305 2536 431 2611 iactum
456 2561 531 2609 esse
556 2536 704 2627 ridetur,
738 2541 785 2626 ut,
812 2534 869 2631 qui
893 2533 934 2605 de
968 2533 1152 2628 linguarum
1177 2532 1306 2627 iegibus
1338 2532 1561 2627 disputarent,
1595 2533 1804 2607 Platonicam
1827 2537 1981 2633 philoso-

305 2655 418 2756 phiam
441 2657 548 2732 minus
573 2662 746 2744 curarent3
771 2677 849 2726 uam
872 2653 908 2724 in
921 2651 1218 2750 Peripateticorum
1241 2659 1275 2723 et
1291 2647 1481 2724 Stoicorum
1506 2649 1682 2748 disciplina
1706 2655 1856 2730 notiones
1880 2657 1978 2755 bras,

301 2770 617 2871 'cemasffiabilitas
641 2782 677 2847 et
695 2774 853 2846 formulas
879 2773 1036 2868 quasdam
1061 2778 1250 2843 constantes
1275 2769 1495 2861 inveniebant,
1521 2794 1604 2866 quas
1625 2771 1661 2842 iu
1682 2794 1776 2846 auum
1796 2792 1890 2850 usum
1910 2778 1977 2852 ad·

304 2894 419 2970 hibere
443 2903 590 2994 possent,
616 2893 652 2966 iu
672 2880 850 2966 Platonica
874 2915 951 2963 raro
977 2890 1128 2963 doctriua
1152 2889 1263 2964 omnia
1284 2889 1329 2960 iis
1353 2872 1510 2959 diffluere
1526 2888 1729 2983 ridebantur,
1756 2916 1854 2990 quum
1877 2896 1914 2968 in
1932 2921 1976 2974 aa

304 3016 456 3097 nuberes
481 3041 548 3089 nou
572 3014 678 3087 solum
702 3011 801 3101 lixae,
835 3009 895 3083 sed
920 3009 1020 3081 etiam
1045 3017 1153 3082 motae
1178 3017 1214 3082 et
1237 3008 1331 3106 quasi
1354 3007 1493 3081 fluentes
1517 3018 1776 3106 proponerentur
1801 3022 1837 3086 et
1860 3023 1977 3090 osten-

305 3134 456 3228 deretur,
491 3132 650 3229 quomodo
673 3129 725 3203 rei
750 3128 990 3205 diversissimae
1015 3129 1166 3203 notiones
1190 3129 1277 3201 iuter
1301 3151 1338 3202 se
1362 3151 1469 3202 nexae
1493 3136 1607 3201 essent
1637 3137 1672 3201 et
1704 3154 1875 3208 commuue
1907 3136 1977 3210 ali·

305 3255 393 3353 qnod
416 3253 579 3339 rinculurn
603 3251 775 3323 habereut.
828 3247 903 3342 sic,
928 3249 1014 3347 quod
1038 3250 1158 3323 multos
1180 3246 1413 3346 grammaticus
1436 3272 1458 3322 a
1478 3247 1655 3322 Platonica
1678 3249 1885 3351 philosophia
1910 3256 1976 3330 ab·

305 3372 461 3468 stertuit,
493 3373 529 3444 id
552 3372 662 3470 potius
688 3394 745 3444 eos
772 3371 918 3455 excitare
943 3370 1096 3464 debebat,
1122 3377 1159 3442 ut
1184 3369 1432 3466 diligentissime
1458 3391 1532 3441 eam
1556 3375 1755 3462 tractarent3
1787 3395 1864 3447 nam
1888 3376 1978 3474 quad

304 3491 501 3594 philosopha
518 3492 590 3583 illa,
617 3516 701 3590 quae
719 3490 850 3584 dieitur,
876 3489 1112 3586 grammaticae
1131 3490 1288 3587 cognitio,
1314 3487 1350 3560 in
1373 3511 1439 3588 qua
1461 3487 1643 3563 excolenda
1661 3491 1823 3588 superiori
1840 3497 1975 3573 snecnb

305 3614 400 3689 multi
425 3613 549 3685 frustra
572 3611 831 3702 desudaverunt,
865 3609 962 3683 hodie
987 3635 1008 3684 a
1034 3610 1145 3683 multis
1170 3609 1389 3684 contemnitur
1412 3615 1447 3682 et
1468 3608 1541 3683 iere
1567 3608 1752 3706 deridetur,
1786 3611 1850 3687 hou
1876 3614 1976 3691 aliter

303 3733 377 3809 iai
400 3757 468 3807 nun
490 3731 609 3831 potuit,
635 3733 712 3830 quia
732 3732 892 3829 plerique,
917 3730 973 3828 qui
995 3730 1128 3827 liuguae
1147 3730 1241 3828 leges
1264 3729 1454 3826 exlegibus
1476 3730 1596 3803 meniis
1618 3739 1770 3828 repetere
1792 3732 1975 3828 studerent,

214 3901 219 3909 -
305 3877 380 3929 caru
403 3853 445 3927 ad
466 3852 550 3928 iiras
574 3852 653 3926 illas
672 3876 731 3926 seu
756 3850 950 3924 Aristotelis
972 3874 1032 3923 seu
1056 3849 1245 3926 Stoicorum
1267 3875 1327 3924 scu
1350 3850 1473 3924 Keutii
1497 3851 1684 3946 categorias
1714 3850 1973 3951 applicaverunt,

303 3974 497 4075 populorum
515 3982 758 4073 temporumque
781 3969 971 4045 discrimina
990 3970 1073 4045 nibil
1092 3978 1257 4065 curantes,
1281 3979 1314 4045 et
1335 3971 1384 4045 ita
1404 3971 1508 4045 virum
1522 3970 1657 4069 linguae
1670 3993 1789 4068 cerpus
1806 3995 1976 4050 enecare·

343 4256 380 4295 ,u
613 4261 621 4278 .
758 4260 765 4276 .

379 4258 1519 4415 ³immiittrrtiirtirribirtnrsztdt
1531 4258 1649 4412 :terti
1660 4259 1973 4403 'terrici

407 4439 493 4488 eata·
510 4432 535 4486 tu
553 4446 587 4485 ac
604 4430 717 4485 madiam
734 4431 805 4484 iltaur
822 4433 965 4500 sareptana
984 4432 1134 4497 visamus·
1151 4431 1326 4498 grammaticis
1342 4446 1446 4500 aanpar
1462 4430 1631 4486 iicedeudnar
1649 4437 1699 4487 est
1733 4429 1801 4484 Nara
1819 4431 1907 4501 iiugua
1923 4448 1986 4489 ura·

407 4516 538 4586 atnpiicea
555 4532 683 4586 purasque
706 4516 800 4571 nautio
816 4516 938 4572 audonei
954 4530 1004 4571 aee
1020 4530 1142 4569 maur
1160 4522 1259 4569 matam
1276 4517 1458 4586 perceptiones
1475 4515 1583 4584 exprimi
1603 4517 1691 4580 ducet.
1708 4515 1756 4568 red
1773 4521 1880 4570 meru
1896 4517 1923 4571 ia
1940 4533 1974 4574 ca
2035 4576 2039 4582 ,

353 4656 361 4679 ,
408 4601 486 4655 aairai
510 4603 627 4658 acriores
649 4602 766 4672 operari3
795 4601 856 4655 vidit
879 4616 992 4669 qaoque,
1017 4601 1125 4670 ptarima
1150 4599 1253 4667 quidm
1269 4602 1294 4653 in
1318 4603 1411 4670 i'ngu'a
1429 4612 1445 4655 a
1462 4610 1569 4658 natarae
1592 4600 1703 4667 quadan
1720 4599 1863 4654 inritatione
1879 4610 1973 4656 exorta

409 4699 483 4751 ease,
508 4686 554 4740 sed
571 4688 650 4741 etiam
672 4688 729 4741 sani
746 4695 774 4740 et
796 4686 904 4740 arbitrio
920 4687 1078 4753 mensatim
1095 4683 1161 4738 baad
1179 4701 1263 4754 perca
1280 4685 1385 4752 deberir
1416 4686 1527 4754 deniquo
1544 4687 1683 4749 intellexit,
1700 4685 1750 4738 raa
1768 4685 1851 4753 prima
1867 4686 1973 4754 baguae

408 4768 537 4823 elementa
554 4771 651 4827 doben
667 4773 762 4840 ailquid
778 4772 940 4839 rigatio-‚area
956 4771 991 4825 ad
1008 4786 1074 4839 quaa
1091 4771 1210 4825 anchei
1227 4785 1332 4838 suuper
1347 4778 1420 4827 raeta
1433 4771 1618 4836 attandiaaaat,
1635 4769 1678 4837 qd
1695 4768 1730 4824 aa
1745 4769 1824 4825 teitu
1840 4785 1973 4842 mma·

407 4852 655 4925 ammipma,
678 4856 1300 4927 nia-nepaiaeontrariauitiatnctdtauat
