4386 5618
260 640 346 717 cleo
370 637 538 738 tuipsius
562 637 764 728 loinutnra,
790 659 868 729 non,
892 635 941 708 uti
966 645 1082 734 putant
1103 638 1246 734 quidum,
1270 635 1472 710 inmundum
1492 639 1855 740 animosquohumunos
1868 646 1924 720 li·
1976 624 1979 629 ⁵

257 787 379 860 ¹sparsa
397 761 457 834 scd
472 782 573 858 cupra
591 760 699 831 omnia
715 757 815 848 elata,
843 757 1060 829 dubitationes
1077 757 1251 845 moverint3
1284 780 1389 853 noque
1406 758 1586 854 defuerunt,
1613 764 1669 858 qui
1686 766 1924 840 oblivisceren-

258 888 326 975 cur,
344 882 421 979 quid
436 904 514 953 uera
530 887 618 952 esset
633 877 806 950 voluntatis
819 876 969 969 lihcrtas,
984 901 1048 951 nec
1064 878 1184 950 malum
1197 875 1355 951 radicitus
1370 879 1478 951 animo
1493 878 1632 954 humano
1649 883 1781 957 insitum
1796 911 1924 983 ebenus·

261 1024 340 1076 cers
356 1000 487 1074 uellent.
528 998 599 1074 soa
611 1006 731 1098 quanto
745 996 868 1070 rectius
881 997 947 1069 iam
961 996 1113 1071 Plotinns
1129 998 1170 1071 (lc
1185 997 1237 1071 his
1251 1000 1350 1071 rebus
1365 999 1481 1090 sensit,
1507 1000 1600 1072 cuius
1612 1026 1650 1073 os
1666 1003 1701 1074 in
1715 1005 1923 1105 philosophia

259 1120 526 1220 purgatissimum
544 1128 579 1193 et
599 1118 741 1192 lucidum
760 1118 841 1190 licit
853 1117 1073 1214 Augustinus,
1100 1115 1233 1216 (contra
1249 1119 1397 1196 academ.
1412 1144 1447 1217 p.
1462 1117 1553 1192 455.
1569 1120 1613 1193 ed
1629 1120 1737 1196 Basil.
1750 1124 1821 1218 111,
1843 1124 1921 1224 18.)

258 1241 408 1338 {ramus
419 1264 485 1313 non
501 1239 544 1312 al
559 1240 690 1338 plenam
704 1241 874 1312 ueritatem
890 1240 1086 1337 pervenerit.
1137 1239 1292 1313 llicuero
1305 1264 1376 1333 ros,
1386 1278 1392 1287 ·
1401 1240 1547 1333 imanes,
1571 1240 1733 1315 latissima
1743 1251 1780 1316 et
1795 1246 1923 1343 plenis-

256 1361 345 1434 sima
356 1361 523 1460 palaestra
536 1358 672 1458 excipit,
688 1360 752 1432 hic
768 1350 892 1438 tenuo
911 1384 969 1433 ros
986 1360 1166 1433 conamina
1182 1367 1386 1458 exspectant,
1411 1360 1593 1458 inquibus,
1618 1385 1661 1434 ne
1685 1365 1823 1461 turpiter
1844 1389 1925 1440 suc-

257 1480 435 1572 cumbatis,
449 1476 591 1554 'menos
607 1488 641 1553 et
655 1481 756 1554 rectis
771 1480 872 1552 armis
887 1481 1094 1577 pugnandum
1107 1481 1199 1554 vohis
1211 1487 1275 1572 est,
1298 1487 1336 1552 ut
1351 1478 1496 1552 emollito
1509 1478 1586 1552 huic
1600 1487 1634 1552 ct
1649 1493 1801 1556 enervato
1812 1485 1924 1581 genio,

256 1614 357 1698 quem
376 1600 500 1693 dicunt,
527 1601 664 1693 saeculi,
690 1625 712 1672 ι
734 1600 908 1673 seueritate
932 1608 966 1672 et
988 1601 1149 1698 gravitmc
1173 1601 1387 1673 maximorum
1408 1599 1684 1697 philosophorum,
1711 1603 1766 1698 qui
1786 1613 1843 1676 aut
1862 1629 1924 1677 su·

248 1714 704 1815 pumuntmnporcrinerunt
718 1721 888 1793 autetiam
905 1744 992 1795 nunc
1010 1722 1131 1814 uiuunt,
1157 1728 1224 1792 tarn
1241 1719 1362 1811 alieno,
1388 1725 1426 1790 ut
1441 1717 1535 1790 multi
1548 1719 1631 1814 ipsis
1648 1742 1760 1794 corum
1781 1722 1923 1798 decretis

258 1835 306 1910 ul
326 1837 487 1934 passinus
505 1859 584 1913 nos
605 1861 735 1912 amores
758 1838 997 1916 confirmandos
1021 1843 1213 1931 amaror,
1246 1839 1376 1913 fortiter
1397 1837 1532 1943 poscitis
1552 1838 1721 1918 resistcre.

945 2025 1246 2058 m

819 2227 1365 2335 Eplmetrom

480 2398 594 2474 Loci
620 2399 699 2475 luo
723 2400 1024 2495 Parmenidei,
1050 2408 1140 2474 tres
1164 2368 1450 2496 Emperloelei
1473 2395 1702 2472 amandati.

258 2644 423 2778 optime
440 2678 505 2752 hoc
521 2685 667 2777 tempore
685 2685 718 2750 et
742 2678 782 2750 (lc
798 2647 922 2751 ‹luohus
947 2679 1061 2777 primis
1086 2678 1219 2751 scholae
1237 2676 1412 2751 Eleaticac
1435 2678 1646 2776 capitihus'et
1668 2679 1708 2752 lc
1720 2680 1924 2780 Empedoclc

259 2800 395 2873 meritus
409 2807 461 2872 cst
473 2800 675 2892 Karstenus,
702 2822 797 2896 quem
811 2822 897 2872 nunc
912 2799 1067 2871 inlocum
1082 2797 1234 2890 Housrlii,
1260 2798 1322 2871 riri
1343 2823 1408 2871 nou
1420 2798 1526 2869 minus
1542 2798 1732 2872 cruditionis
1746 2803 1844 2901 copia
1867 2812 1925 2875 at·

261 2932 325 3018 'quc
344 2920 508 3017 elegantia
533 2944 629 3016 quam
652 2919 751 2990 animi
772 2920 961 2992 sinceritate
978 2919 1134 3015 insignis,
1162 2919 1363 2991 successisse
1387 2943 1427 2990 er
1453 2919 1560 2989 animo
1584 2920 1797 3014 gratulamur.
1851 2919 1923 2995 Sel

260 3056 358 3137 quum
375 3040 476 3111 multu
500 3039 613 3139 doctus
629 3038 688 3110 ille
712 3037 807 3111 homo
832 3033 866 3112 ct
882 3039 1048 3136 sagaciter
1070 3038 1291 3111 emendaverit
1309 3047 1344 3112 ct
1364 3046 1455 3111 recte
1470 3038 1694 3136 explicaverit,
1721 3041 1924 3116 etiamnunc

262 3165 297 3237 ot
316 3158 352 3229 in
364 3156 572 3230 Parmenidis
597 3166 631 3230 et
650 3159 685 3228 in
702 3155 916 3256 Empedoclis
941 3158 1089 3254 reliquiis
1112 3157 1198 3228 houd
1221 3160 1320 3254 pauci
1338 3160 1405 3230 loci
1430 3160 1607 3231 inveterato
1628 3161 1741 3233 morbo
1757 3160 1923 3254 laborant,

262 3277 321 3374 qui
345 3277 416 3349 eius
440 3302 577 3350 acumen
600 3277 753 3374 fugerunt
774 3284 807 3348 ct
822 3284 978 3350 renovata
1004 3285 1061 3348 aut
1075 3276 1177 3374 ipsius
1196 3285 1252 3347 uut
1271 3276 1410 3348 aliorum
1428 3276 1535 3347 studia
1551 3287 1741 3374 provocant.
1793 3278 1924 3354 Emen-

260 3394 410 3511 lationes
422 3398 549 3494 aliquas
562 3397 711 3470 locorum
720 3395 938 3467 liiiiciliorum
950 3422 1010 3468 uos
1024 3420 1127 3494 nuper
1140 3395 1175 3467 in
1190 3396 1448 3492 oplrcmcriolihus
1457 3386 1613 3468 litorariis
1622 3388 1824 3471 Halcnsrhus
1840 3424 1924 3497 pro·
2069 3490 2072 3497 Ι

260 3517 439 3612 posuimus,
466 3516 549 3589 alias
574 3517 638 3588 alio
661 3518 736 3588 loco
761 3516 950 3605 alienemus3
977 3516 1035 3588 sed
1057 3540 1154 3613 quum
1167 3515 1213 3587 ihi
1230 3516 1374 3586 rationes
1391 3515 1650 3588 emendationum
1675 3517 1840 3613 copiosius
1857 3542 1924 3591 non

259 3634 410 3709 licuisset
424 3661 599 3735 exponere,
623 3636 678 3708 hic
696 3636 789 3733 qnasi
803 3637 837 3706 in
854 3637 993 3708 transitu
1011 3636 1138 3733 aliquos
1153 3634 1320 3731 utriusque
1335 3634 1520 3732 philosophi
1534 3636 1627 3708 loros
1641 3638 1923 3734 pertractavimus,
2025 3723 2028 3729 ¹

263 3742 319 3851 qui
332 3755 373 3827 ad
385 3755 565 3828 doctrinam
584 3778 694 3828 eorum
707 3755 934 3827 illustrandum
950 3756 1150 3852 aliquantum
1166 3754 1314 3827 consume
1331 3754 1527 3827 violarentur.
1543 3797 1596 3808 —
1621 3756 1836 3830 Parmenides
1851 3759 1926 3855 pri-

261 3896 334 3945 mus
346 3875 525 3969 invenerat,
550 3900 615 3948 non
628 3900 726 3973 posse
745 3876 869 3972 aliquid
886 3900 959 3947 csse
975 3875 1071 3947 simul
1088 3883 1122 3948 ct
1136 3899 1202 3945 non
1215 3898 1300 3966 csse,
1327 3881 1364 3944 ut
1376 3874 1566 3947 Heraclitus
1591 3874 1758 3968 docuerat,
1784 3878 1842 3967 (fr.
1860 3879 1925 3951 72.

262 3991 379 4085 Schl.)
404 4017 510 4091 neque
532 3996 662 4068 omnino
685 3994 795 4067 dicere
813 3996 928 4088 licere,
953 4018 1019 4067 non
1036 4019 1110 4068 csse
1133 3993 1268 4090 aliquid,
1295 3993 1366 4085 eorl,
1392 3994 1546 4091 quidquid
1568 4017 1738 4089 possemus
1761 3998 1923 4092 cogitare,

255 4111 296 4184 itl
316 4111 435 4185 dehere
451 4138 537 4205 osse,
566 4123 599 4187 ot
624 4140 664 4188 oa
686 4122 822 4207 tantum,
849 4139 932 4212 quae
950 4123 1073 4207 essent,
1099 4113 1239 4210 cogitari
1258 4135 1368 4210 posse.
1422 4110 1483 4185 Sic
1504 4110 1748 4187 fundamentum
1769 4115 1924 4189 firmissi-

263 4257 352 4307 mum
362 4232 489 4305 iecerat
505 4235 637 4305 certiori
653 4235 703 4304 illi
717 4259 826 4307 rarum
847 4235 1037 4331 cognitioni,
1064 4258 1147 4332 quac
1165 4256 1263 4331 supra
1276 4256 1397 4323 rerum,
1424 4256 1506 4328 quac
1521 4234 1671 4308 sensibus
1686 4235 1922 4332 percipiuntur,

261 4351 514 4426 inconstantium
530 4352 573 4424 al
585 4354 751 4425 universas
768 4353 869 4425 menti
882 4354 999 4427 insitas
1015 4355 1159 4427 rationes
1176 4351 1422 4447 cognoscendas
1436 4351 1593 4425 evehitur.
1632 4350 1674 4425 In
1691 4353 1733 4426 iis
1749 4354 1819 4428 cios
1838 4353 1925 4427 effa-

259 4470 326 4567 as,
359 4498 442 4572 quac
465 4471 551 4545 hanc
574 4473 767 4545 sententiam
791 4471 1002 4566 continuant,
1036 4473 1136 4567 Plato
1156 4472 1208 4544 his
1231 4471 1329 4544 ctiam
1353 4470 1416 4543 hoc
1438 4471 1552 4545 aton:

283 4608 286 4615 '
350 4596 389 4671 οὐ
405 4596 742 4693 γὰρμὴποτετοῦί
767 4596 937 4690 οὐδαμῆ
951 4594 1041 4670 εἶναι
1058 4600 1113 4691 μὴ
1143 4594 1258 4678 ὄντα,
1290 4594 1377 4666 ἀλλὰ
1401 4599 1441 4666 σι)
1463 4592 1559 4688 τῆσδ’
1583 4592 1642 4687 ἀφ’
1667 4593 1750 4667 ὁδοῦ
1771 4596 1923 4690 διζήσιος

158 4785 166 4793 .
264 4709 353 4811 εἶργε
375 4718 499 4810 νόημα·
529 4711 633 4811 Soph.
655 4737 689 4811 p.
709 4711 798 4804 237,
815 4735 848 4783 a.
876 4709 964 4802 258,
981 4710 1015 4782 t.
1066 4710 1218 4783 Priorem
1237 4733 1366 4780 versum
1386 4730 1520 4806 prorsus
1540 4707 1656 4780 iisdem
1682 4708 1787 4782 uerbis
1812 4709 1925 4783 nudat

262 4828 476 4924 Aristoteles,
506 4832 601 4928 (mot.
624 4828 733 4925 xm,
751 4833 788 4906 2.
813 4854 893 4931 pag.
917 4828 1008 4904 294.
1024 4828 1103 4923 Br.)
1128 4829 1192 4903 nisi
1211 4828 1297 4927 quod
1320 4827 1468 4901 ultimum
1486 4828 1620 4930 uprbuun
1644 4828 1769 5006 τέοίίιιο
1793 4826 1925 4927 scripsit
