4386 5618
1129 390 1181 465 24

320 606 429 679 lucem
450 599 592 673 nondum
611 595 825 695 adspexerat.
878 593 981 687 Turn,
1006 592 1181 669 Platonem
1206 603 1349 691 secutus,
1375 598 1472 672 terlio
1485 600 1560 674 loco
1574 601 1766 700 genitricem
1782 609 1892 683 mundi
1910 611 1986 684 ani-
2114 672 2126 699 ;

283 819 291 829 ι
321 749 409 799 maur
421 723 541 821 posuit,
568 745 664 818 quam
681 743 701 790 a
719 740 843 790 summa
857 724 964 788 mente
978 740 1153 814 numquam
1166 719 1325 791 divulsam
1343 742 1417 791 esse
1434 720 1557 813 docuit,
1583 724 1654 818 sed,
1677 750 1773 823 quum
1789 729 1863 827 ipso
1877 740 1985 804 mente

322 846 416 944 quasi
437 842 576 917 excedat
592 847 626 912 et
647 838 770 934 aliquid
795 845 889 909 cntra
908 844 1049 909 mentem
1064 863 1138 911 esse
1154 840 1244 933 velit,
1271 846 1408 912 ertema
1422 839 1532 914 omnia
1546 842 1681 939 gignere
1697 854 1730 918 et
1743 848 1880 945 primurn
1898 852 1985 924 coeli

321 972 512 1065 perpetuum
537 967 658 1031 motum
684 965 780 1055 atque
805 957 912 1052 signa,
942 963 1010 1029 tum
1034 960 1143 1033 omnia
1166 960 1377 1033 animantium
1401 985 1536 1057 genera,
1563 988 1646 1060 quae
1670 965 1862 1040 debiliorem
1884 993 1987 1067 usqne

302 1084 378 1172 ‚dei
400 1082 576 1175 imaginem
598 1077 757 1169 referant,
784 1076 984 1173 producere;
1018 1079 1053 1148 iu
1077 1081 1140 1152 bac
1166 1080 1275 1152 diuina
1297 1082 1407 1153 anima
1429 1088 1463 1154 et
1486 1083 1642 1180 temporis
1669 1092 1704 1156 et
1725 1086 1824 1182 spatii
1849 1089 1987 1184 primam

323 1203 484 1298 originem
504 1199 624 1298 posuit,
652 1221 695 1269 en
718 1197 781 1268 bac
800 1197 933 1294 eiusque
957 1206 1092 1271 aeterua
1118 1200 1169 1272 dei
1190 1225 1231 1272 ac
1246 1202 1363 1273 mentis
1381 1203 1655 1300 contemplatione
1671 1212 1807 1277 naturae
1823 1208 1987 1304 pulcritu-

323 1323 432 1396 dinem
446 1328 479 1392 et
498 1318 723 1391 admirabilem
744 1317 935 1389 varictatem
959 1317 1103 1391 deduxit.
1156 1318 1312 1393 Substitit
1327 1322 1458 1394 taudem
1472 1323 1508 1393 in
1528 1323 1686 1395 materiae
1701 1325 1847 1419 notione,
1874 1329 1928 1425 qui
1946 1330 1990 1402 sit

321 1441 454 1516 ultimus
478 1440 572 1538 quasi
594 1438 687 1530 finis,
723 1437 767 1509 'ad
788 1461 884 1533 quem
903 1439 1021 1510 mentis
1048 1440 1239 1536 aniuraeque
1266 1442 1409 1512 creatrix
1434 1443 1482 1513 vis
1506 1442 1677 1539 pervenire
1698 1446 1814 1540 possit.
1866 1446 1922 1518 Ita
1946 1448 1987 1520 dc

322 1560 476 1636 Platonis
497 1559 619 1631 lumine
644 1582 736 1630 suum
766 1557 919 1631 accendit
940 1560 1048 1630 lumen
1073 1567 1106 1631 ct
1130 1562 1285 1633 audacius
1307 1585 1403 1657 quarn
1426 1584 1538 1633 omues
1564 1569 1640 1634 auto
1664 1585 1739 1634 eum
1752 1565 1987 1663 pbilosoplriiu

324 1681 434 1756 divina
463 1680 605 1752 umoinis
636 1677 791 1772 mysteria
813 1679 1007 1773 penetravit,
1042 1687 1079 1751 ut
1101 1705 1227 1754 omnem
1252 1682 1413 1776 reperiret
1436 1680 1617 1752 veritatem.
1670 1681 1743 1755 Sed
1766 1685 1801 1755 in
1827 1685 1890 1758 bae
1912 1687 1987 1783 qni-

323 1804 400 1876 dem
423 1825 461 1872 re
474 1800 616 1872 Platone
639 1796 740 1868 nrulto
766 1796 903 1868 inferior
924 1797 986 1868 fuit
1001 1805 1035 1870 ct
1059 1802 1213 1897 temporis
1234 1799 1414 1873 calarrritati
1430 1801 1612 1890 succubuit,
1636 1802 1723 1896 quod
1740 1803 1896 1876 advitam
1912 1828 1989 1880 vere
2020 1870 2023 1875 ,

211 1938 216 1947 ·
323 1922 456 1995 vitalem
485 1941 562 2009 nou,
588 1917 637 1987 uti
652 1916 831 2008 Socratici,
857 1925 990 1988 strenuo
1010 1919 1069 1992 illa
1091 1921 1220 2012 virtue,
1248 1944 1312 2016 qua
1334 1920 1368 1988 in
1393 1918 1459 1989 vita
1482 1925 1516 1989 et
1537 1918 1671 2014 publica
1695 1928 1729 1991 et
1750 1922 1877 2016 priuata
1900 1926 1987 1997 bona

323 2048 358 2116 et
382 2040 541 2139 perlicere
564 2045 598 2108 et
617 2061 802 2134 propagare
825 2036 1033 2130 studeamus,
1069 2040 1127 2111 sed
1149 2042 1255 2112 otiosa
1285 2038 1423 2135 quadarn
1443 2037 1496 2108 dei
1524 2038 1797 2134 contemplatione
1822 2045 1985 2139 perveniri

322 2184 421 2261 posse
445 2159 598 2256 putabat,
632 2164 757 2228 tantum
778 2158 819 2227 ab
843 2156 1039 2229 alacerrima
1064 2159 1315 2231 christianorum
1338 2158 1504 2233 bominum
1527 2156 1634 2229 studio
1668 2160 1804 2253 aberat,
1839 2163 1894 2259 qui
1922 2186 1989 2236 uon
2130 2227 2134 2233 .

323 2281 427 2354 solum
450 2279 514 2374 ipsi
532 2276 689 2349 xvolebant
710 2276 763 2347 dci
788 2276 944 2348 simillimi
964 2276 1036 2349 fieri
1059 2286 1093 2350 et
1114 2279 1307 2376 beatissimi,
1329 2278 1389 2351 scd
1414 2278 1514 2353 etiarn
1533 2301 1671 2378 reguum
1692 2279 1834 2356 diuinum
1851 2282 1984 2357 assiduo

323 2399 437 2473 labore
460 2396 620 2488 condere,
647 2418 788 2491 augore,
819 2417 1024 2501 promovere.

956 2676 1354 2704 “mm

986 3215 1201 3321 caput
1233 3215 1322 3302 ΙΙ.

553 3395 758 3471 Plotiuus
783 3366 1060 3465 Aristotelis
1087 3399 1128 3464 ct
1159 3392 1376 3490 interpres
1402 3394 1445 3464 ct
1470 3387 1761 3467 aduersarius.

325 3694 511 3803 Plotinae
534 3719 679 3819 quamvis
694 3717 909 3791 Aristotelem
931 3738 1032 3814 saepe
1054 3715 1245 3811 gravissime
1264 3713 1495 3813 reprehendat,
1521 3715 1624 3788 multa
1645 3721 1755 3788 tumen
1772 3738 1813 3789 ex
1825 3717 1897 3790 eius
1912 3719 1990 3793 tbe·

326 3845 432 3921 scuris
456 3843 582 3940 recepit
598 3847 632 3914 et
654 3841 689 3911 in
714 3863 806 3911 suum
831 3861 924 3909 usum
947 3835 1123 3926 conuertit3
1152 3837 1210 3907 sed
1233 3836 1280 3906 ita
1300 3835 1342 3907 iis
1366 3860 1443 3908 usus
1466 3841 1537 3926 est,
1570 3843 1607 3906 ut
1626 3834 1853 3932 philosopham
1878 3835 1989 3932 dccet3
2023 3829 2033 3840 ’

325 3990 401 4041 nam
421 3962 577 4036 reicllens
599 3960 696 4033 simul
716 3959 949 4056 iuterpretatur
963 3955 1170 4052 Stagiritum,
1195 3979 1300 4052 neque
1325 3956 1356 4027 ci
1382 3954 1578 4028 cunundicit
1599 3961 1736 4046 tanturn,
1762 3953 1990 4034 seductiones

327 4084 369 4156 ab
392 4083 450 4154 illo
474 4081 660 4179 propositas
686 4081 776 4176 ipsas
797 4077 959 4149 interdum
983 4076 1046 4148 sibi
1069 4075 1294 4147 contradicere
1309 4098 1350 4146 ac
1366 4098 1550 4171 repugnare
1572 4072 1694 4145 noluit
1710 4076 1894 4152 ostendere.
1946 4079 1988 4152 In

325 4203 463 4300 siugulis
485 4226 561 4274 vero
588 4200 756 4272 doctn'uac
771 4197 1015 4294 Peripateticae
1035 4195 1181 4293 partibus
1209 4194 1390 4268 tractandis
1415 4194 1479 4265 hoo
1500 4192 1570 4266 iere
1593 4193 1765 4266 eonsilium
1782 4205 1912 4269 secutus
1928 4207 1991 4293 est,

327 4332 364 4397 ut
384 4323 528 4420 logicam
542 4319 734 4393 Aristotelis
756 4318 961 4415 disciplinam
984 4315 1158 4388 dialectica
1173 4322 1256 4407 arte,
1282 4338 1379 4410 quam
1395 4337 1416 4384 a
1432 4311 1574 4385 Platone
1592 4314 1854 4411 splendidissime
1869 4315 1990 4390 lauda-

326 4451 394 4516 tam
416 4445 488 4540 ipse
510 4441 653 4515 excoluit
676 4439 829 4528 maxime,
851 4438 952 4509 multo
977 4434 1164 4507 inferiorem
1188 4435 1337 4527 baberet,
1364 4433 1405 4505 de
1429 4432 1564 4531 physica
1584 4432 1653 4507 eius
1679 4432 1839 4526 deonna,
1872 4436 1991 4536 quippo

272 4600 279 4608 ·
327 4588 425 4660 quam
445 4564 552 4634 minus
578 4570 668 4634 recte
694 4558 923 4650 intellexisset,
945 4556 1087 4653 iniquius
1111 4556 1283 4647 iudicaret,
1308 4553 1448 4627 etbicam
1470 4553 1669 4650 repudiaret,
1698 4577 1740 4624 er
1762 4554 1992 4652 metapbysicis

328 4682 466 4779 denique
492 4682 654 4778 permulta
674 4680 856 4775 reciperet,
886 4677 921 4748 in
943 4677 1047 4773 iisque
1073 4676 1125 4748 vel
1150 4674 1353 4773 explicandis
1377 4672 1429 4746 vcl
1455 4673 1612 4768 augendis
1637 4680 1733 4768 atque
1755 4672 1992 4769 amplificandis

327 4801 380 4877 rel
405 4785 585 4875 relutamis
605 4799 819 4874 libentissime
842 4804 1037 4871 versarctur.
1091 4795 1236 4870 Omnino
1261 4818 1339 4869 reru
1363 4791 1555 4867 Aristotelis
1575 4792 1675 4867 arnus
1688 4790 1904 4870 Aristotelem
1923 4797 1991 4870 im·

1343 5166 1379 5271 'b'
