4386 5618
1055 397 1106 472 14

960 494 1199 516 Μ

158 683 161 689 ,
247 602 448 712 praesen)
463 646 517 663 -
537 605 585 679 ot
600 604 635 678 u
650 606 749 697 nono,
775 601 825 675 su
840 601 940 674 eoam
954 601 1118 697 inpulere
1131 599 1475 677 nemausensem
1494 601 1674 678 nonnam
1688 604 1834 705 soom
1849 557 1912 702 m,
1938 656 1940 660 2

247 728 465 828 ut'pericere
489 751 563 801 eam
587 725 717 799 studeat
734 731 768 795 et
782 723 895 820 purius
915 723 1102 813 enuntiare3
1128 749 1223 821 quem
1236 722 1387 816 adfinem
1402 723 1484 798 duos
1500 726 1912 822 praestantissimossorie

247 849 450 950 psitlibrost
477 849 518 920 de
543 846 696 944 pnloro
722 842 944 937 (Enn.l,6.)
970 843 1060 917 etde
1077 844 1380 944 pulcritudine
1404 846 1712 942 intelligibili;
1739 845 1912 942 (EnnsV,

247 969 302 1069 8.)
330 977 365 1043 et
386 991 522 1066 prorsus
538 966 667 1062 quidem
684 963 894 1036 Platonicum
908 971 960 1036 est
969 963 1063 1057 illud,
1090 965 1176 1063 quod
1188 966 1337 1062 polorum
1351 965 1387 1038 in
1402 965 1485 1038 ideis
1500 966 1610 1040 inesse
1625 973 1659 1038 et
1672 967 1709 1037 in
1725 968 1913 1064 propylaeis

247 1089 342 1188 quasi
364 1087 442 1159 boui
463 1086 606 1184 positmn
630 1084 761 1174 statuit3
774 1080 816 1178 31)
842 1083 901 1157 sed
927 1084 1027 1156 multo
1050 1085 1148 1158 altius
1169 1086 1239 1160 eius
1263 1086 1422 1182 originem
1444 1087 1566 1184 repetit
1586 1109 1628 1158 ex
1642 1094 1750 1161 mente
1764 1096 1919 1180 aeterna,
1988 1117 1990 1121 ¹

248 1230 333 1306 quae
357 1210 444 1279 hono
465 1206 594 1304 repleto
609 1206 788 1302 summique
804 1205 857 1278 dei
872 1203 1061 1278 beatissimo
1075 1205 1232 1304 adspectu
1244 1207 1358 1303 ganisa
1371 1214 1405 1279 et
1416 1207 1490 1304 ipsa
1504 1206 1565 1279 fiet
1578 1205 1776 1304 pulcerrima
1791 1215 1824 1279 et
1834 1206 1915 1304 pul·

246 1325 406 1402 oerrimas
419 1349 461 1399 ex
479 1350 517 1400 se
532 1327 647 1423 gignat
662 1327 767 1418 ideas,
793 1325 879 1398 unde
896 1326 1004 1423 pulori
1016 1327 1105 1399 notio
1121 1327 1158 1398 in
1177 1327 1344 1401 hominum
1364 1327 1490 1400 animos
1503 1325 1692 1400 descendat.
1708 1319 1750 1420 32)
1803 1324 1914 1401 Simul
1981 1339 1986 1347 ’

248 1471 325 1521 vero
342 1470 382 1519 eo
404 1469 598 1543 progressus
624 1453 687 1538 est,
713 1453 750 1516 ut
763 1445 859 1520 falsis
877 1471 989 1520 eorum
1004 1445 1243 1521 delinitionibus
1256 1446 1420 1538 refutetis,
1447 1446 1503 1541 qni
1518 1446 1666 1541 pulornrn
1678 1445 1714 1517 in
1728 1446 1915 1539 symmetria

244 1566 358 1662 alique
381 1566 449 1638 sire
474 1565 645 1637 harmonia
668 1574 839 1659 ponerent,
866 1575 992 1639 eertum
1018 1568 1160 1655 aliquem
1184 1566 1333 1639 ordinem
1356 1564 1559 1657 singularum
1587 1565 1706 1635 enham
1731 1564 1912 1658 induaerotp

244 1710 327 1784 ques
353 1709 393 1758 eo
417 1683 633 1780 perfectiores
658 1703 733 1751 esse
759 1678 936 1767 censebat,
964 1701 1027 1772 quo
1052 1679 1186 1775 propius
1213 1688 1247 1751 et
1271 1680 1432 1773 materia,
1456 1680 1497 1751 in
1522 1704 1587 1777 qua
1611 1679 1764 1776 lingenda
1789 1683 1912 1759 elebos

243 1809 371 1895 rorent,
396 1808 431 1873 et
454 1799 621 1896 operibus,
648 1819 730 1892 quae
757 1795 944 1886 efficerent,
971 1795 1014 1866 ad
1039 1820 1197 1868 smnmum
1221 1797 1370 1895 polorum
1394 1799 1431 1869 in
1454 1808 1563 1871 mente
1585 1799 1740 1873 habitans
1764 1803 1911 1877 accedes

151 1988 154 1993 ⁴
244 1929 338 2012 rent3
363 1944 428 2016 qua
451 1942 489 1991 re
515 1918 691 1989 utilissima
715 1914 935 2005 oestbetieae,
962 1939 1058 2011 quem
1081 1941 1169 1990 nune
1194 1924 1324 2008 uocant,
1350 1915 1520 1989 doetrinae
1543 1919 1672 1989 semina
1697 1920 1818 2015 sparsit
1842 1945 1910 1995 ne·

245 2065 309 2141 que
334 2039 431 2112 nobis
454 2036 665 2134 negligenda,
678 2031 720 2127 ⁸³)
744 2035 782 2107 id
803 2034 890 2131 quod
914 2033 969 2106 hio
993 2035 1126 2132 longum
1151 2042 1203 2110 est
1227 2059 1405 2134 exponere.
1441 2034 1717 2132 Splendidissima
1742 2062 1819 2113 uero
1846 2042 1912 2114 be*

245 2170 344 2236 sam-
368 2158 486 2231 mentis
520 2156 575 2228 dei
608 2154 762 2228 consciae
796 2154 927 2227 eteius
951 2154 986 2226 in
1012 2157 1285 2254 contemplatione
1311 2156 1437 2229 delirae
1469 2157 1569 2229 ritem
1593 2157 1806 2255 eummultis
1832 2160 1913 2237 aliis

243 2280 329 2354 loeis
349 2286 419 2351 tum
443 2274 535 2349 Eun.
560 2272 608 2369 V,
634 2277 672 2367 8,
696 2275 735 2348 4.
762 2275 939 2348 seeundum
953 2274 1130 2348 Platonem
1154 2277 1323 2370 describit,
1343 2284 1383 2349 et
1408 2277 1619 2350 memorabile
1645 2285 1708 2370 est,
1734 2278 1822 2376 quod
1845 2280 1911 2359 hoo

244 2400 321 2474 loeo
347 2398 450 2487 addit,
475 2396 664 2482 Platonem,
690 2418 787 2485 quum
800 2394 932 2481 dixerit,
958 2416 1070 2462 ueram
1096 2397 1268 2464 seientiam
1291 2419 1359 2464 non
1383 2417 1459 2465 esse
1483 2397 1519 2464 in
1545 2397 1611 2466 nlio
1638 2397 1750 2486 eliam,
1777 2399 1912 2486 (Pheo-

246 2519 312 2592 don
329 2542 364 2613 p.
381 2516 461 2605 83.)
488 2512 563 2584 aliis
579 2509 752 2605 reliquisse
779 2508 1023 2605 exquirendum,
1050 2511 1158 2606 qualis
1180 2511 1224 2585 sit
1247 2510 1320 2582 illa.
1335 2504 1377 2603 ³²)
1402 2551 1456 2567 ·-
1485 2511 1586 2584 Plato
1612 2537 1709 2609 quum
1734 2498 1913 2611 docuisset,

245 2637 353 2736 pulori
383 2631 524 2706 maxirno
558 2630 715 2726 adspectu
748 2636 897 2702 sanetum
930 2628 1023 2699 illmn
1055 2635 1091 2700 et
1123 2630 1287 2704 sineermn
1312 2630 1348 2704 in
1372 2630 1467 2702 nohis
1493 2654 1637 2704 amorem
1663 2631 1801 2705 excitari
1808 2685 1823 2727 ,
1847 2662 1912 2733 quo

245 2757 449 2851 mellatque
473 2750 665 2823 iollammati
690 2747 733 2822 ad
757 2749 907 2821 uirtutem
930 2747 1137 2844 impellamur
1161 2757 1195 2821 et
1217 2749 1351 2820 insitam
1383 2750 1480 2820 nobis
1505 2749 1560 2820 dei
1583 2750 1829 2825 similitudinem
1852 2780 1913 2830 re-

244 2876 382 2950 stituere
408 2871 607 2964 studeamus,
632 2869 800 2960 Plotinus,
826 2868 919 2940 ouius
944 2867 1084 2941 maxime
1111 2875 1285 2964 cognatum
1311 2875 1400 2940 esset
1424 2867 1605 2940 Platonico*
1622 2868 1802 2965 ingenium,
1829 2899 1913 2970 gra.

18 2969 21 2977 Ι
130 3022 138 3039 ·
170 3005 180 3012 “
244 2996 413 3070 vissimum
438 3015 568 3088 semper
592 2989 628 3059 in
653 2987 777 3079 officio,
804 3009 868 3083 quo
893 2986 1018 3057 nullum
1043 2988 1188 3061 sanetius
1211 2988 1335 3081 hebuit,
1362 2989 1505 3060 animum
1529 3011 1552 3059 a
1576 2989 1676 3060 rebus
1700 2994 1910 3073 terrestribus

286 3247 322 3316 ⁸⁰)
339 3248 453 3311 Nescio,
476 3243 659 3310 quemobrem,
676 3246 761 3306 'quum
779 3255 826 3294 sex
842 3240 906 3294 honi
923 3240 1020 3308 gradus
1036 3256 1054 3295 ι
1070 3241 1181 3296 Plutone
1198 3244 1352 3311 efferentur,
1376 3248 1552 3307 Stellhennms
1571 3254 1704 3322 (prolegg.
1721 3248 1747 3302 ln
1764 3247 1865 3303 Philet.
1885 3267 1910 3317 p·

347 3331 468 3394 XCVll.)
491 3337 520 3383 et
536 3331 623 3382 Ashur
646 3325 696 3392 (de
717 3328 768 3378 rite
787 3333 813 3378 et
835 3325 937 3394 seriptis
955 3325 1074 3380 Platonis
1092 3344 1117 3395 p.
1134 3327 1209 3394 296.)
1227 3331 1340 3396 quinque
1357 3342 1456 3392 mutarn
1473 3355 1534 3393 eme
1551 3340 1692 3403 voluerint3
1715 3336 1788 3389 nobis
1808 3334 1911 3400 quidem

347 3418 408 3471 loeo
432 3415 477 3464 tho
501 3413 669 3463 celeberrimo
688 3409 754 3460 Phil.
774 3426 798 3474 p.
816 3414 857 3461 66.
877 3416 934 3462 tote
950 3411 994 3462 ille
1012 3426 1109 3472 rernm.
1131 3428 1200 3478 quse
1216 3422 1262 3466 ent
1278 3416 1331 3468 slat
1347 3418 1433 3473 bonne
1451 3430 1497 3475 snt
1520 3420 1678 3488 habeantur,
1703 3422 1784 3472 series
1803 3419 1911 3486 egregie

349 3501 386 3554 tte
403 3497 504 3551 videtur
521 3510 580 3548 erse
598 3492 732 3560 disposite,
749 3499 779 3544 ut
795 3493 843 3545 trh
861 3508 958 3560 genere
976 3495 1037 3549 bont
1051 3496 1084 3548 ed
1102 3511 1192 3564 puram
1209 3505 1331 3565 nrmtem,
1349 3503 1398 3555 trie
1412 3505 1446 3559 ad
1464 3505 1576 3561 animum
1593 3506 1740 3571 humanum,
1757 3506 1798 3558 eni
1815 3516 1911 3574 eorpus

349 3583 482 3647 adhaeret,
506 3581 635 3649 pertinere
652 3576 795 3636 rideantur.
831 3577 877 3630 ste
894 3579 954 3631 talis
971 3578 1047 3632 nohis
1064 3580 1149 3635 elucet
1164 3582 1367 3651 parelleltsmuse

651 3663 683 3714 Δ,
717 3661 798 3714 ldeee
814 3675 904 3728 poree
1251 3665 1283 3719 B.
1319 3667 1374 3721 Res
1391 3673 1536 3727 sensibiles.

568 3746 597 3813 e)
614 3743 644 3800 rb
659 3747 774 3817 μέτριον
788 3747 836 3800 καὶ
852 3747 971 3818 καίριον.
1223 3748 1255 3817 ι)
1273 3750 1407 3823 ἔπιςῆμαι
1420 3758 1467 3809 καὶ
1484 3760 1586 3827 τέχναι.

569 3830 599 3896 b)
616 3829 646 3884 τὸ
663 3826 821 3903 ξύμμετρον
837 3831 885 3883 καὶ
897 3826 994 3886 καλόν.
1221 3833 1255 3901 b)
1272 3833 1372 3903 ἡδοναὶ
1387 3847 1519 3916 καθαραί.

570 3916 601 3984 c)
619 3917 684 3977 νοῦς
694 3917 742 3970 καὶ
758 3911 900 3989 φρόνησις.
919 3932 922 3936 ’
1223 3918 1253 3985 e)
1270 3917 1371 3988 ἡδοναὶ
1400 3920 1511 4000 ἄπειροι
1531 3941 1552 3978 ι.
1574 3919 1743 3998 ἀκάθαρτοι,
1773 3942 1836 3994 ques
1858 3947 1911 3990 non

773 4000 777 4011 ’
1275 4009 1392 4062 nominet
1409 4011 1487 4064 Plato
1504 4010 1553 4063 ned
1570 4010 1704 4062 obscurius
1718 4007 1822 4068 indicet.

289 4121 324 4191 ⁸¹)
341 4119 383 4178 (li.
400 4118 563 4190 potissimum
580 4118 602 4185 1,
619 4125 646 4186 6,
663 4124 688 4173 9.
705 4117 735 4175 τὸ
752 4117 782 4174 δὲ
804 4116 932 4173 ἐπέκεινα
952 4115 1049 4173 τούτου
1071 4119 1137 4188 (τοῦ
1158 4121 1261 4190 καλοῦ)
1289 4121 1339 4193 τὴν
1356 4127 1406 4181 τοῦ
1429 4124 1541 4196 ἀγαθοῦ
1554 4129 1675 4198 λέγομεν
1692 4125 1787 4201 φύσιν,
1805 4143 1912 4210 προβεη
1991 4167 2003 4175 -

349 4209 488 4279 βλημένον
501 4201 532 4267 sd
544 4203 631 4261 nator
642 4202 697 4279 πρὸ
712 4202 793 4272 αὐτῆς
808 4203 938 4274 ἔχουσαν.

173 4390 178 4396 .
196 4313 203 4325 ’
289 4325 324 4393 ⁸²)
342 4325 363 4392 1,
380 4331 406 4393 6,
423 4331 448 4380 6.
466 4323 510 4380 διὸ
522 4326 570 4380 καὶ
580 4326 688 4394 λέγεται
701 4322 793 4399 ὀρθῶς
808 4322 837 4379 τὸ
853 4321 964 4394 ἀγαθὸν
979 4323 1028 4378 καὶ
1043 4321 1129 4384 καλὸν
1144 4322 1195 4395 τὴν
1206 4324 1300 4398 ψυχὴν
1314 4332 1445 4399 γίνεσθαι
1458 4303 1631 4404 operativae
1646 4326 1718 4392 alm
1731 4335 1799 4403 daei.

293 4441 327 4515 ¹⁸)
344 4442 367 4509 I,
384 4449 411 4508 6,
428 4448 453 4495 6.
478 4443 511 4510 V,
528 4448 554 4508 9,
573 4448 614 4497 11.
630 4472 665 4484 -
683 4444 805 4498 Ceterum
827 4459 996 4510 quaeeunque
1012 4450 1113 4499 veteres
1129 4444 1274 4515 philosophi
1292 4446 1325 4500 de
1343 4449 1424 4515 pulcri
1440 4451 1546 4505 notione
1563 4459 1590 4505 et
1606 4459 1700 4505 notura
1717 4453 1852 4521 dixerunt,
1876 4473 1910 4514 ea
2017 4450 2021 4461 ⁶

351 4529 427 4581 nobie
449 4545 500 4583 non
526 4536 635 4598 possunt
658 4530 825 4594 satisfecer03
848 4546 909 4583 uem
931 4545 1015 4596 neque
1032 4532 1108 4584 certis
1125 4532 1216 4585 hohhus
1234 4532 1349 4599 pulcrum
1367 4551 1383 4586 e
1400 4535 1468 4590 bono
1485 4537 1521 4588 dli
1538 4537 1724 4604 distinxerunt,
1747 4554 1834 4607 neque
1851 4558 1910 4599 enm

352 4613 441 4679 pulcro
460 4621 487 4668 et
503 4615 529 4669 in
546 4622 634 4668 mente
651 4622 679 4668 et
694 4615 720 4667 in
737 4615 814 4667 rebus
831 4615 893 4684 ipsis
911 4615 1001 4668 sedem
1019 4617 1195 4685 assignabant,
1218 4632 1295 4683 qnam
1312 4619 1446 4688 assignare
1463 4621 1601 4677 debebam.
1652 4658 1657 4667 .
1694 4669 1697 4674 ,

297 4726 338 4797 ⁸⁴)
355 4726 430 4871 Eun}
438 4731 473 4796 V,
481 4739 516 4871 1tt,
532 4737 559 4788 4.
577 4729 652 4796 ὅπως
668 4732 720 4803 δὲ,
734 4729 765 4800 (ἡ
786 4732 846 4790 ἐκεῖ
865 4730 1003 4805 ἐπιςήμη)
1018 4738 1092 4792 εἴασε
1116 4737 1204 4804 ζητεῖν
1215 4737 1264 4792 καὶ
1279 4733 1462 4813 ἀνευρίσκειν,
1480 4741 1557 4814 εἴπερ
1574 4731 1647 4800 ἄξιοι
1661 4740 1708 4809 τῆς
1724 4746 1911 4822 προσηγορίας

352 4831 416 4882 (μμ
431 4833 449 4873 ν
467 4833 546 4875 eret.
