4386 5618
1258 390 1282 461 2

433 592 630 668 inciderunt.
672 590 838 665 Maximus
865 614 945 664 saue
969 590 1085 685 labor,
1113 591 1167 664 cui
1192 593 1290 666 uitam
1312 593 1462 691 ubcsque
1488 592 1674 692 impendere
1700 596 1728 670 si
1753 597 1913 694 licuisset,
1947 606 2103 700 gratissi·

441 741 530 788 mum
561 715 709 812 prolecto
736 722 770 785 et
794 713 935 785 maxime
962 720 1107 809 optatum
1132 713 1250 786 fuisset
1275 741 1376 811 opus3
1410 740 1497 787 uuunc
1517 730 1613 808 uero,
1648 722 1789 792 muneris
1815 723 1938 816 publici
1963 726 2104 822 negotiis

434 860 476 909 ac
515 836 674 932 grauitate
699 835 746 904 ita
772 841 971 929 occupatus,
1006 841 1041 904 ut
1064 834 1162 906 latius
1189 836 1328 908 consilia
1353 860 1428 907 unca
1453 844 1487 907 ct
1510 838 1641 909 labores
1667 863 1733 910 non
1758 865 1889 936 possem
1914 845 2102 940 extundere,

434 958 640 1051 angustiores
675 954 767 1050 operi
796 953 878 1023 lines
902 978 1024 1050 ponere
1051 955 1159 1026 satius
1186 955 1283 1047 duxi,
1318 980 1359 1026 ne
1385 957 1488 1027 unulta
1513 958 1644 1029 molitus
1667 960 1749 1030 nibil
1775 962 1905 1032 omnino
1932 975 2102 1039 assecutus

434 1098 509 1148 esse
543 1075 667 1144 videar.
719 1071 793 1144 Iam
826 1073 914 1144 cuim
945 1073 1032 1144 curis
1060 1072 1238 1166 Creuzeri,
1273 1075 1334 1185 cipi
1359 1077 1546 1167 clarissimi,
1583 1079 1675 1149 cuius
1701 1081 1812 1151 nescio
1854 1088 1962 1152 utrum
1996 1085 2102 1181 magis

437 1192 664 1269 admirandum
702 1194 746 1265 sit
785 1193 908 1288 ingenii
935 1217 1071 1264 ucuruen
1099 1203 1195 1289 atque
1227 1195 1409 1290 elegantia,
1444 1221 1486 1266 au
1522 1198 1638 1291 ingens
1671 1199 1829 1270 scientiae
1864 1204 2106 1278 reconditarum

437 1316 579 1388 maxime
593 1339 703 1386 rerum
728 1312 837 1408 copia,
864 1337 927 1407 qua
941 1313 976 1384 iu
1001 1313 1161 1385 latissimo
1188 1316 1388 1410 antiquitatis
1413 1340 1528 1411 carnpo
1555 1317 1748 1411 dominatur,
1775 1319 1899 1391 Plotini
1912 1320 2104 1420 Enneades,

436 1435 526 1531 turpi
545 1459 605 1531 per
625 1442 674 1505 tot
694 1432 828 1506 saccula
853 1432 1015 1504 oblivione
1041 1433 1248 1525 obliteratae,
1274 1442 1307 1505 et
1333 1435 1581 1529 diligentissime
1600 1444 1634 1507 et
1649 1439 1909 1532 splendidissime
1931 1444 2103 1519 restitutae

439 1563 534 1645 sunt,
569 1563 605 1625 ut
629 1578 713 1625 noua
738 1560 773 1623 et
795 1552 891 1646 larga
916 1552 992 1623 inde
1018 1555 1173 1625 materies
1197 1554 1435 1650 pluilologorum
1462 1564 1614 1651 suppetat
1645 1559 1951 1653 exercitationibus,
1986 1564 2102 1658 quibus

439 1674 619 1770 scriptores
642 1672 773 1766 quidam
792 1671 895 1740 multo
911 1672 1123 1767 ignobiliores
1149 1675 1244 1769 quasi
1270 1676 1363 1745 obrui
1390 1676 1508 1746 solent.
1561 1674 1757 1747 Doctrinam
1782 1678 1882 1773 igitur
1906 1680 2000 1752 buius
2025 1682 2104 1778 pbi-

439 1793 590 1888 losoplri,
627 1793 681 1886 qui
707 1797 881 1861 auctorat
908 1791 1139 1886 antesignanus
1164 1794 1281 1863 unerito
1306 1793 1445 1864 babetur
1470 1793 1603 1865 scholae
1628 1795 1733 1885 istium,
1760 1822 1856 1890 quarn
1882 1797 2105 1895 Neoplatoni·

436 1935 511 1986 cam
526 1919 656 2001 vocant,
683 1935 779 2006 quum
796 1910 994 2005 aplcrisque
1009 1919 1065 1982 aut
1078 1912 1262 2007 neglectam
1288 1913 1439 1984 vidissem
1458 1921 1514 1983 aut
1538 1912 1678 2008 iniquius
1704 1912 1892 2006 iudicatum,
1917 1920 2032 2013 paucis
2055 1922 2105 1993 ia

435 2039 560 2124 notam,
586 2038 622 2101 ut
642 2054 753 2101 ueram
778 2030 848 2100 eius
873 2030 1061 2124 dignitatem
1080 2055 1123 2103 ac
1135 2031 1330 2129 grauitatem
1347 2033 1520 2125 senserint,
1545 2031 1706 2128 peculiari
1730 2057 1829 2128 opere
1849 2037 1997 2130 proximo
2015 2048 2103 2112 tem·

435 2173 518 2249 pore
537 2134 662 2222 edendo
689 2172 853 2246 exponere
879 2158 976 2246 atquc
1001 2151 1089 2221 omni
1115 2176 1156 2223 cx
1182 2160 1276 2247 parte
1300 2152 1465 2224 illustrare
1491 2151 1611 2225 studui.
1662 2151 1719 2223 Do
1742 2152 1878 2249 reliquis
1895 2158 2105 2237 veromam

435 2269 532 2362 uicis,
558 2295 694 2368 quorum
714 2293 794 2367 pars
810 2269 921 2367 aliqua
938 2269 1043 2366 adbuc
1056 2270 1090 2340 in
1110 2271 1318 2359 bibliotbecjs
1345 2270 1520 2364 delitescit,
1535 2267 1563 2366 ³)
1590 2271 1693 2358 ceteri
1710 2270 1920 2361 Crouuerurn·
1935 2300 2106 2363 suuuuaxf

441 2397 606 2487 spectant,
632 2390 700 2460 iam
724 2413 812 2458 nunc
837 2390 983 2458 scribere
1008 2389 1093 2456 uelle
1118 2389 1327 2457 temerarium
1352 2390 1454 2456 uisum
1480 2397 1552 2477 cst,
1574 2413 1684 2481 qutun,
1718 2392 1789 2478 uisif
1809 2395 2012 2481 eac-latebris
2036 2398 2106 2479 suis

440 2508 584 2602 undiquc
608 2508 644 2577 in
668 2505 776 2577 lucem
801 2503 979 2601 protracti,
1014 2504 1191 2576 secundum
1216 2504 1354 2599 optimos
1378 2505 1510 2576 codices
1535 2504 1635 2598 editi,
1670 2506 1803 2581 collecti
1826 2508 1966 2605 luerint,
2001 2534 2107 2612 neque

443 2627 484 2700 de
510 2626 592 2724 ipsis
618 2626 740 2699 certius
764 2625 919 2696 iudicimn
944 2621 1024 2694 lcrri
1049 2623 1166 2719 possit,
1199 2647 1305 2718 nequc
1330 2647 1447 2716 nexus,
1481 2648 1543 2719 quo
1569 2624 1699 2720 singula
1725 2628 1818 2722 quasi
1843 2633 1988 2703 urrembra
2012 2633 2107 2711 buius

439 2747 613 2842 doctrinae
640 2747 858 2837 continentur,
885 2751 976 2815 recte
1002 2743 1156 2837 intelligi.
1209 2741 1273 2815 Cui
1298 2743 1391 2839 operi
1417 2767 1511 2838 quum
1536 2743 1589 2813 uix
1616 2745 1711 2817 unius
1735 2746 1874 2817 bominis
1901 2750 1985 2821 uires
2011 2754 2107 2824 suffic·

440 2866 543 2959 ciant,
570 2867 727 2939 socianda
753 2874 848 2938 eruut
873 2888 986 2936 corum
1011 2861 1131 2952 studia,
1151 2861 1212 2957 ¹qui
1232 2860 1427 2933 Platonicae
1445 2862 1621 2935 doctrinae
1646 2887 1758 2954 arnone
1783 2865 1911 2937 incensi
1935 2869 2017 2941 nibil
2040 2897 2107 2947 nou

437 2987 568 3083 restitui
595 2995 628 3059 et
653 2985 813 3056 illustrari
838 2983 985 3078 cupiunt,
1011 2978 1164 3076 quodlad
1191 3003 1264 3053 eam
1289 2980 1535 3076 intelligendam
1558 2981 1735 3077 pertineat.
1789 2983 1888 3058 Talis
1905 3011 1995 3083 uero,
2021 3016 2106 3087 qua·

438 3107 506 3183 leun
531 3129 618 3186 nunc
644 3104 762 3201 auimo,
778 3103 878 3198 lungo,
913 3101 1092 3173 amicorum
1116 3099 1363 3173 Platonicorum
1388 3101 1531 3174 societas
1565 3102 1657 3174 cuius
1682 3103 1849 3197 libentius,
1875 3132 1971 3202 quam
1997 3109 2107 3184 Creu·

442 3225 525 3317 reri,
553 3225 648 3320 signa
672 3219 852 3321 sequatur?
888 3221 942 3317 qui
967 3221 1017 3291 uir
1042 3220 1071 3292 si
1096 3220 1316 3291 moderamine
1343 3245 1402 3292 suo
1428 3246 1562 3317 operam
1586 3222 1683 3295 istum
1709 3232 1743 3295 et
1767 3249 1945 3321 prouocare
1970 3231 2048 3302 uelit
2072 3240 2108 3305 et

441 3345 604 3441 dirigere,
641 3345 714 3443 quis
741 3369 807 3415 non
840 3343 900 3413 tali
932 3341 1066 3437 auspice
1098 3340 1240 3411 militare
1273 3338 1498 3412 felicissimum
1524 3349 1558 3412 et
1588 3341 1947 3418 honorificentissimum
1982 3348 2106 3425 ducat?

441 3464 517 3538 Iam
541 3465 686 3557 interim,
712 3489 809 3560 quum
834 3463 869 3534 iu
896 3485 1018 3533 arcana
1035 3459 1161 3532 Plotini
1185 3467 1358 3556 penetrare
1384 3460 1516 3556 eiusque
1537 3460 1577 3532 de
1603 3463 1701 3534 rebus
1727 3462 1842 3535 diuinis
1868 3474 1965 3563 atque
1989 3469 2108 3545 burna

341 3642 344 3647 .
439 3586 493 3685 uis
517 3586 698 3661 sententias
724 3583 822 3656 ultius
847 3583 1005 3678 indagare
1030 3580 1256 3672 instituissem,
1281 3580 1368 3651 idern
1394 3587 1546 3678 expertus
1572 3606 1664 3673 snm,
1691 3582 1776 3678 quod
1802 3608 1903 3681 saepe
1929 3591 2107 3686 experiun-

440 3713 506 3798 tur,
533 3705 650 3803 quibus
673 3712 710 3778 ut
734 3729 844 3776 uerum
867 3712 900 3775 ct
923 3702 1055 3774 nominc
1081 3702 1213 3797 dignum
1239 3699 1378 3772 ornicum
1403 3701 1672 3774 nanciscerentur
1685 3703 1839 3801 contigit3
1865 3730 1941 3777 uam
1959 3708 2013 3778 diu
2030 3710 2107 3806 qui-

441 3825 516 3901 dem
542 3826 684 3898 amicum
709 3825 894 3898 dilexerunt
920 3830 954 3895 et
978 3823 1062 3893 bene
1086 3822 1216 3894 uouisse
1242 3820 1306 3892 sibi
1332 3821 1512 3914 visisunt,
1538 3823 1596 3894 scd
1624 3847 1688 3919 quo
1713 3825 1821 3920 magis
1847 3848 1919 3895 cum
1944 3825 2003 3899 illo
2029 3854 2108 3904 rer·

441 3954 567 4037 santur,
595 3969 633 4017 eo
659 3946 772 4042 plures
797 3945 832 4017 iu
858 3968 897 4016 co
922 3943 1057 4014 virtutes
1082 3941 1265 4033 inveniunt,
1293 3965 1333 4013 co
1359 3942 1520 4014 cariorem
1545 3942 1687 4034 babent,
1714 3968 1753 4015 eo
1780 3943 1905 4015 mulius·
1922 3952 2023 4020 totum
2046 3975 2109 4024 co·

443 4089 604 4163 gnoscere
631 4062 772 4137 student.
827 4063 900 4157 Sic,
928 4063 1073 4160 queuntis
1091 4063 1156 4133 iarn
1176 4087 1217 4134 ex
1242 4062 1347 4159 prima
1371 4062 1514 4134 lectione
1539 4062 1714 4157 imaginem
1734 4062 1876 4159 aliquam
1891 4065 2017 4140 Plotini
2032 4071 2109 4142 ani-

441 4211 495 4277 uno
511 4210 595 4271 ¹meo
620 4183 899 4277 inlonnauissem,
935 4208 1032 4281 quum
1059 4207 1168 4255 uerum
1195 4182 1343 4278 equidem
1368 4183 1535 4281 putabam,
1569 4190 1686 4279 postca
1712 4207 1776 4278 quo
1802 4184 1936 4281 saepius
1961 4187 2040 4282 legi,
2068 4213 2107 4262 oo

463 4428 466 4433 ·
483 4403 510 4473 ³)
527 4408 589 4459 Fiat
605 4406 645 4461 bic
662 4408 758 4460 meutlo
778 4405 912 4474 scriptoris
930 4404 1078 4465 cuiusdam,
1096 4403 1169 4454 cuius
1187 4403 1315 4454 derebus
1333 4400 1511 4469 metupbyuicts
1529 4402 1593 4452 liber
1609 4400 1733 4453 Hereuull
1750 4405 1853 4481 muriae
1870 4409 1977 4454 ornatus
1996 4411 2023 4457 et
2040 4405 2109 4464 baud

448 4532 454 4543 .
527 4493 564 4544 lta
582 4492 650 4544 mule
665 4490 776 4560 scriptus
793 4497 855 4543 autc
871 4490 969 4553 aliquot
987 4502 1070 4540 aanor
1086 4489 1111 4540 iu
1129 4484 1220 4539 codice
1237 4487 1387 4539 Monaceusi
1405 4484 1522 4540 iurentur
1539 4493 1580 4538 eut
1598 4501 1614 4538 s
1631 4485 1701 4537 Frid.
1721 4487 1837 4549 liaustu,
1856 4488 1956 4552 collega
1976 4496 2029 4542 turn
2047 4493 2107 4546 mibl

452 4628 456 4633 Ι
528 4660 633 4714 Plotiuo
646 4661 771 4713 Ammouii
783 4660 886 4713 soboles
903 4659 1091 4724 frequentabat,
1109 4658 1156 4724 (cl.
1173 4655 1307 4722 Porphyrii
1321 4656 1371 4706 ritu
1383 4654 1487 4718 Plotini,
1504 4673 1530 4722 p.
1545 4655 1601 4706 Lll.
1619 4655 1841 4706 exsecremur
1858 4661 1944 4708 uotum
1960 4675 1984 4726 p.
1998 4660 2116 4726 xerat.)-

530 4760 597 4811 opuu
614 4745 718 4810 aliquod
735 4753 866 4801 serratum
885 4759 958 4807 esse,
983 4758 1044 4794 mox
1067 4757 1113 4812 spe
1137 4742 1262 4807 deceptus
1282 4739 1467 4802 animaduerti,
1490 4739 1669 4804 ignobiliorem
1687 4753 1747 4790 esse
1765 4740 1917 4806 scriptorem
1936 4752 1963 4798 et
1980 4746 2064 4799 locum
2083 4746 2108 4801 ci

529 4836 589 4897 pout
606 4828 770 4882 lumbtiebum
787 4829 981 4897 assignandum,
999 4842 1076 4894 quem
1094 4833 1220 4897 perpetuo
1238 4832 1265 4879 et
1281 4823 1396 4891 sequitur
1412 4830 1439 4878 et
1456 4824 1573 4875 maximis
1590 4823 1709 4876 trudibus
1726 4823 1834 4876 extollit
