4386 5618
1066 417 1113 492 ta

256 630 365 713 omnia
389 628 476 706 inter
504 652 541 704 sa
566 627 765 724 colligentur
788 629 823 697 et
847 621 1074 697 concilientur.
1127 620 1284 696 Centrum
1309 622 1373 696 boe
1398 625 1489 721 quasi
1510 625 1572 700 init
1595 622 1819 726 philosophiae
1833 626 1921 704 Plo·

110 783 114 792 ·
254 758 413 847 οἰιιὶοοοο,
447 760 482 825 et
504 775 586 848 quae
612 749 653 820 de
679 748 740 818 deo
767 744 860 836 dicit,
893 766 1005 816 eornm
1029 742 1171 842 plurima
1195 745 1244 815 ita
1269 752 1344 815 sunt
1369 768 1411 817 en
1437 747 1540 842 odptis
1567 751 1684 820 mentis
1711 750 1819 820 divina
1843 750 1920 822 locs

256 878 469 953 collustratae
502 866 653 967 repetita,
688 874 725 938 ut
750 865 851 938 etism
872 872 960 937 nunc
985 864 1135 962 exemplo
1160 863 1256 935 nobis
1282 864 1360 956 sint,
1393 867 1552 962 quomodo
1578 869 1740 940 addeum
1766 870 1921 964 cogitan-

254 997 333 1068 dmu
359 1002 394 1066 ct
424 988 686 1086 cognoscendum
721 985 863 1059 animum
886 985 957 1057 uite
987 1007 1128 1083 purgare
1161 984 1325 1082 possimus
1356 990 1390 1056 et
1422 1009 1634 1083 praeparare.
1686 987 1778 1060 Vere
1812 996 1923 1059 autem
1968 1051 1975 1074 ,

256 1115 321 1187 beo
341 1113 375 1184 in
396 1133 433 1182 re
447 1109 600 1181 Platonis
623 1108 686 1179 luit
710 1107 885 1203 interpres,
912 1105 968 1201 qni
991 1105 1070 1178 boni
1094 1105 1242 1177 ideams
1266 1104 1398 1177 notione
1424 1105 1478 1178 dei
1503 1128 1569 1178 non
1593 1116 1728 1203 p'rorsus
1754 1106 1923 1199 disiunxit,

256 1233 336 1325 sed,
370 1231 399 1304 si
424 1229 502 1327 qnid
524 1230 612 1302 inter
635 1235 805 1323 utramque
831 1225 1029 1297 discriminis
1054 1248 1128 1298 esse
1161 1225 1279 1317 voluit,
1312 1224 1347 1295 id
1379 1248 1445 1297 non
1480 1226 1578 1297 ubter
1610 1226 1815 1296 statuendum
1849 1247 1925 1297 essa

211 1377 216 1386 ·
255 1350 395 1443 censuit,
421 1373 518 1446 quam
543 1348 629 1447 qnod
655 1346 794 1419 subiecti
819 1352 853 1417 et
877 1344 1061 1442 praedicati
1086 1345 1263 1418 discrimen
1282 1344 1471 1433 ‚inducimus
1494 1345 1684 1440 loquentes3
1711 1367 1796 1441 quae
1814 1345 1926 1417 divers

254 1472 339 1546 sitas
363 1472 400 1541 in
424 1469 486 1540 deo
512 1469 603 1538 nulla
627 1473 848 1563 potestesse,
884 1465 972 1561 quia,
1004 1462 1159 1563 quidquid
1184 1474 1236 1539 est
1260 1465 1352 1556 dens,
1380 1472 1414 1536 et
1439 1471 1491 1535 est
1516 1464 1646 1561 quidem
1671 1466 1788 1556 bonus,
1815 1464 1850 1535 id
1875 1469 1927 1536 est

254 1600 364 1682 totus,
395 1594 433 1659 ut
465 1586 649 1680 cogitantes
679 1585 800 1655 bonnm
832 1583 940 1674 ipsum
970 1585 1069 1652 etism
1103 1586 1201 1657 deum
1232 1583 1422 1655 necessario
1455 1584 1649 1675 cogitemus.
1662 1577 1704 1674 ²⁸)
1758 1580 1829 1655 Sed
1861 1582 1927 1655 buu
1986 1593 1989 1599 '

256 1731 386 1810 quoqne
408 1705 536 1778 viderat
551 1702 715 1783 Plotinns,
742 1697 920 1770 sPlatone
946 1719 1046 1792 saepe
1072 1696 1204 1768 abono
1229 1694 1399 1790 primario,
1426 1699 1512 1791 qnod
1538 1701 1641 1770 sitin
1667 1699 1742 1791 deo,
1769 1694 1928 1796 distingui

255 1831 378 1905 boumn
401 1825 587 1913 humanum,
612 1819 753 1890 nondum
779 1814 867 1887 omni
893 1816 1041 1910 corporis
1057 1822 1091 1888 et
1114 1812 1290 1910 uoluptatis
1317 1815 1511 1908 contagione
1536 1817 1722 1909 bberatum,
1749 1841 1814 1913 qua
1837 1818 1873 1889 in
1887 1840 1926 1891 rc

257 1945 418 2023 Philebus
443 1965 517 2014 cnm
542 1938 683 2010 maxime
708 1942 876 2023 uersatnr3
898 1933 993 2007 buius
1020 1934 1107 2006 enirn
1130 1933 1240 2004 locum
1264 1931 1417 2026 laudans,
1441 1935 1498 2006 ubi
1520 1934 1681 2008 Socrates
1706 1935 1852 2032 profiteri
1875 1938 1929 2009 ui·

258 2069 366 2158 detur,
399 2063 521 2134 boumn
545 2080 651 2152 neque
676 2055 874 2153 voluptatem
900 2077 975 2126 esse
999 2076 1105 2150 neque
1130 2075 1246 2150 puram
1271 2060 1434 2145 mentem,
1470 2054 1530 2126 sed
1563 2063 1700 2150 unaque
1725 2050 1928 2153 mixtum-²²)

259 2183 455 2264 sententiam
480 2177 633 2250 Platonis
656 2182 748 2246 recte
774 2172 924 2267 agnomt,
959 2172 1037 2244 dum
1061 2172 1161 2264 dicit,
1199 2170 1346 2242 sensisse
1379 2171 1492 2264 illum,
1523 2196 1590 2244 non
1614 2174 1701 2245 banc
1726 2174 1767 2243 ob
1795 2196 1930 2246 cansam
2025 2187 2030 2195 ·

258 2310 381 2381 bonnm
407 2297 530 2394 aliquid
554 2318 641 2386 esse,
666 2293 744 2390 qnia
769 2297 940 2388 expetatur
965 2293 1007 2362 ab
1032 2290 1215 2361 bominibus
1240 2289 1346 2384 iisqne
1371 2289 1570 2385 uoluptatem
1588 2292 1760 2387 praebeat,
1787 2292 1846 2363 sed
1865 2315 1929 2364 en-

258 2426 341 2526 peti,
367 2418 444 2517 qnia
469 2417 513 2487 sit
537 2417 670 2504 bonum,
695 2418 730 2482 et
753 2410 897 2480 naturali
918 2409 1171 2503 necessarioque
1196 2407 1337 2502 quodam
1361 2431 1448 2478 nexu
1468 2433 1543 2480 cnm
1569 2433 1646 2481 nera
1666 2434 1812 2508 puroque
1830 2410 1930 2483 animi

258 2545 426 2639 uoluptate
458 2536 579 2607 bonnm
612 2554 687 2602 esse
721 2523 1002 2618 coniunctum3¹⁸)
1036 2551 1132 2621 qnam
1166 2526 1361 2597 sententiam
1395 2525 1586 2621 primmiam
1620 2552 1695 2600 esse
1726 2528 1763 2599 in
1788 2528 1930 2603 Pbilebo

259 2657 468 2764 propositam·
487 2648 586 2721 etiam
610 2645 736 2716 dnobus
761 2644 837 2714 aliis
861 2642 946 2713 locis
958 2635 1000 2732 ²⁹)
1027 2640 1181 2730 affirmat,
1206 2641 1263 2711 ubi
1279 2641 1418 2734 primum
1435 2651 1469 2712 et
1485 2652 1645 2715 summum
1663 2647 1782 2716 bonum
1798 2649 1928 2721 omnino

159 2862 162 2867 ,
261 2807 284 2857 a
309 2779 383 2854 sola
406 2776 515 2846 mente
541 2764 651 2863 expeti
674 2786 780 2860 neque
805 2762 979 2858 quidquam
1003 2758 1047 2831 ad
1072 2782 1191 2855 corpus
1215 2759 1378 2855 pertinere
1404 2760 1582 2833 secundnm
1598 2761 1773 2835 Platonem
1792 2766 1924 2840 evincit.

259 2899 310 2976 Et
332 2903 426 2971 recte
450 2888 592 2987 quidem,
624 2909 702 2957 nam
726 2885 822 2975 bene,
857 2882 905 2954 uti
929 2880 1067 2972 videtur,
1099 2887 1324 2977 perspexerat,
1356 2877 1532 2952 Pbilebum
1555 2881 1707 2954 Platonis
1731 2883 1815 2955 nibil
1840 2883 1931 2958 aliud

262 3027 436 3121 spectaro,
470 3009 536 3081 nisi
560 3006 718 3104 primum,
755 3011 801 3076 ut
816 2998 904 3073 finiti
929 3009 963 3072 et
986 3000 1104 3072 infiniti
1127 2999 1290 3092 notiones,
1323 3022 1407 3095 qnae
1433 3000 1562 3096 positae
1587 3000 1694 3096 magis
1721 3026 1817 3098 quam
1844 3003 1930 3076 dcu-
2062 2996 2067 3005 ’

261 3142 353 3215 nim
387 3137 482 3207 Μή
507 3152 528 3199 ³
552 3123 782 3221 Plffi⁸g⁰f⁰i⁸s
815 3121 1001 3195 iwurstfius
1026 3120 1242 3217 explicentur,
1274 3126 1355 3209 mm,
1390 3126 1426 3189 ut
1450 3118 1653 3210 ostendatur,
1679 3121 1735 3216 qni
1760 3121 1826 3192 sint
1851 3121 1930 3194 boni
2015 3119 2019 3127 '

264 3255 382 3336 summi
414 3249 545 3324 militie!
579 3270 620 3319 οῦ
644 3243 784 3341 gradus,
816 3265 878 3340 per
911 3265 992 3339 quos
1025 3240 1068 3312 ad
1101 3237 1256 3312 mortales
1290 3237 1386 3334 quasi
1410 3236 1589 3312 descendat
1613 3263 1788 3337 eorumque
1813 3240 1932 3314 animi,

275 3426 1932 3483 ........---—-—--——-t---—-·---—---—---·-—

304 3595 344 3667 Ἀ)
362 3592 495 3649 Subtiliter
512 3595 539 3643 et
556 3566 676 3643 accurate
693 3585 726 3639 de
743 3583 792 3638 bac
808 3583 961 3650 quaestions
978 3579 1097 3634 disseruit
1113 3578 1276 3631 [lemannus
1294 3575 1411 3630 Bonitins
1428 3575 1453 3629 in
1471 3575 1590 3641 duamur,
1614 3591 1680 3642 quas
1699 3575 1788 3643 edidit,
1813 3575 1932 3645 disputa-

369 3680 469 3733 tionum
486 3673 679 3726 Platonicorum
702 3667 842 3736 (Drasdea,
862 3668 949 3729 1831.)
975 3663 1069 3730 priori,
1094 3667 1123 3711 ut
1141 3661 1171 3712 G.
1191 3660 1221 3712 F.
1241 3659 1418 3712 Hermannunu
1441 3659 1480 3726 (in
1498 3658 1580 3712 indice
1598 3659 1735 3713 lectionum
1753 3660 1777 3712 in
1796 3659 1932 3714 academia

366 3757 547 3825 Morburgensi
570 3770 618 3821 per
639 3759 766 3806 semestre
788 3751 921 3804 bibemnm
940 3752 1007 3805 18³2
1020 3772 1034 3784 ·
1048 3749 1121 3797 lfflfl.
1140 3742 1331 3808 habendarum)
1359 3744 1443 3796 minus
1462 3750 1534 3795 recte
1551 3742 1614 3796 boni
1632 3736 1716 3795 lde‘sm
1734 3759 1749 3793 s
1767 3743 1808 3796 dei
1826 3745 1933 3797 notione

370 3843 519 3902 distinxisse
536 3837 695 3905 utanderst,
713 3852 764 3902 qus
781 3836 806 3888 in
823 3851 851 3887 re
868 3832 937 3886 baud
954 3828 1168 3885 contemnendum
1185 3843 1251 3880 sane
1268 3827 1365 3879 socium
1383 3843 1415 3880 ac
1431 3835 1568 3896 patronum
1586 3842 1681 3883 ausae
1697 3841 1762 3878 snae
1776 3825 1855 3879 babet
1866 3826 1933 3882 Pla·
1959 3850 1967 3865 =

369 3933 466 3991 unuma
481 3924 529 3979 sed
545 3938 629 3989 neque
642 3922 818 3974 Hermannunr
837 3916 915 3980 uliud,
933 3930 1008 3981 qnsm
1025 3913 1198 3981 cogitationis,
1216 3911 1351 3964 discrimen
1370 3910 1445 3964 deam
1462 3914 1530 3965 inter
1544 3920 1572 3965 et
1589 3910 1683 3963 bonum
1701 3924 1799 3977 ponere
1817 3909 1932 3964 volutus

368 4019 442 4083 puto,
460 4013 495 4062 its
512 4016 542 4062 ut
558 4008 623 4062 deus
639 4007 673 4059 sit
687 4004 763 4072 ¹qnasi
780 4002 933 4066 subiectum,
951 4000 1047 4053 bonum
1066 3996 1248 4066 praedicatum,
1266 4003 1402 4063 utrumque
1418 4011 1480 4049 sero
1497 4000 1605 4048 asterus
1617 3993 1730 4059 quadam
1742 3994 1932 4065 necessitudine

370 4098 536 4152 coniunctum
553 4100 581 4148 et
597 4093 756 4160 colligatum.

311 4234 348 4305 ιθ)
365 4229 463 4299 Tangit
479 4228 565 4283 locum
581 4227 682 4282 Pbilebi
698 4245 725 4296 p.
741 4229 795 4292 ἢ,
813 4224 856 4292 qui
874 4221 962 4292 incipit
979 4236 996 4275 a
1012 4220 1110 4275 ssrbiss
1124 4190 1198 4274 'ctat
1210 4215 1293 4293 γάρὸ
1311 4214 1359 4278 σὸς
1374 4217 1447 4282 νοῦς,
1465 4206 1488 4273 sl
1503 4211 1657 4292 Σώκρατες,
1676 4212 1721 4280 ἔςι
1736 4209 1871 4282 τάγαθόν.

313 4369 349 4440 ²¹)
367 4366 434 4422 Eun.
451 4361 499 4427 Vl,
514 4365 541 4426 i,
558 4366 599 4415 27.
618 4362 662 4415 ubl
679 4360 745 4414 base
761 4359 921 4428 potissimum
935 4355 1077 4409 rectissime
1089 4353 1217 4423 disputat:
1234 4348 1315 4412 αὐτὸς
1334 4349 1388 4426 γὰρ
1405 4350 1438 4407 οὐ
1451 4349 1482 4406 τὸ
1497 4353 1608 4426 πρῶτον
1620 4347 1732 4420 ἀγαθὸν
1746 4343 1840 4416 ἐζήτει,
1858 4346 1886 4403 τό
1902 4347 1934 4404 dl

369 4449 514 4525 ἡμῶνκαὶ
529 4444 594 4501 ὅλου
611 4445 704 4519 ἑτέρου
719 4440 806 4504 dnos}
819 4436 973 4510 ἔςινούιό,
992 4440 1085 4513 ἕτερον
1102 4434 1135 4492 ὃν
1148 4437 1246 4507 αὐτοῦ,
1263 4440 1406 4501 illecabris
1425 4433 1503 4498 ὄντος
1519 4435 1613 4503 αὐτοῦ,
1626 4437 1686 4505 ,sat
1700 4439 1764 4496 ἴσως
1779 4436 1929 4491 συνθέτου·

265 4602 269 4611 ,
291 4604 295 4609 ,
370 4535 439 4595 ὅθεν
456 4535 505 4590 sal
519 4529 548 4588 rb
564 4531 671 4605 ἔρημον
683 4531 732 4584 xol
748 4525 839 4601 μόνον
853 4527 943 4598 μηδὲν
958 4526 1033 4596 ἔχειν
1048 4518 1167 4594 tyanis.
1791 4506 1796 4519 ’

308 4673 348 4743 θ’)
363 4671 429 4726 Eun
448 4669 494 4733 Vl,
511 4672 539 4733 t,
554 4671 597 4720 29.
615 4671 657 4722 tto.
675 4679 727 4732 quo
744 4665 804 4719 loco
821 4664 856 4717 lta
874 4663 947 4716 dicite
964 4658 996 4715 sd
1014 4658 1069 4731 potr
1088 4648 1141 4713 adr
1163 4661 1272 4714 abacos
1287 4656 1317 4714 sd
1333 4655 1448 4728 erasas
1464 4655 1496 4710 ts
1512 4672 1540 4710 rs
1554 4655 1605 4709 τοῦ
1621 4655 1671 4709 νοῦ
1684 4650 1721 4714 sic
1735 4650 1932 4726 ὑποκειμένου,
1996 4709 2000 4717 ,

371 4755 405 4811 lsr
416 4773 444 4809 rs
457 4756 507 4810 τοῦ
522 4748 632 4815 πάθους
647 4752 694 4818 τῆς
709 4751 808 4819 ψυχῆς,
831 4743 847 4802 ὃ
862 4753 988 4818 γίγνεται
1002 4745 1034 4800 ἔκ
1046 4745 1094 4800 τοῦ
1112 4751 1238 4818 φρονεῖν,
1258 4742 1291 4800 οὐ
1306 4742 1336 4802 τὸ
1355 4747 1430 4804 τέλος
1443 4739 1502 4796 ott
1520 4737 1631 4796 αὐτότὸ
1648 4736 1758 4809 ἀγαθὸν
1772 4737 1802 4796 rb
1818 4755 1930 4810 συναμ-

372 4835 493 4915 φότερόν
503 4837 547 4905 trs
559 4839 691 4905 «atnoe,
705 4832 777 4891 siliis
793 4835 858 4895 νοῦς
872 4830 908 4889 ἄν
931 4834 973 4900 εἴη
986 4830 1018 4888 sd
1033 4823 1155 4900 oyseis.
