4386 5618
908 376 1263 492 ’,Ξῖ-

311 589 458 663 idearum
483 588 673 660 varietatem
700 586 876 676 contineat,
909 607 1014 680 neque
1039 608 1116 657 vero
1142 607 1292 682 umquam
1318 589 1468 656 naturam
1493 606 1585 655 suam
1611 607 1686 658 vero
1711 593 1837 662 mutare
1862 587 1981 688 possit,

311 718 438 784 tantum
469 709 533 780 lroc
559 707 600 779 de
627 731 668 779 ea
702 704 889 804 praedicari
921 728 1041 802 posse,
1075 729 1148 777 eam
1182 728 1256 777 esse
1292 703 1429 776 eandem
1465 703 1562 775 simul
1588 710 1622 776 et
1655 705 1835 800 diversam3
1869 711 1919 785 sic
1943 711 1981 783 in

313 830 425 929 quanti
440 837 474 901 et
499 828 605 925 qualis
631 827 741 899 locmn
765 825 958 923 praedicata
984 825 1174 899 eiusdem
1202 827 1397 922 (aabrdrqg)
1425 830 1459 894 et
1483 823 1667 918 diversi,
1697 832 1887 929 (ἑτερότης)
1913 831 1981 904 iarn

311 949 490 1042 aPlatpnc
504 949 662 1036 indicata,
688 952 929 1037 successerunt,
956 966 1039 1046 quae
1063 946 1215 1019 notiones
1241 943 1440 1038 cogitatione
1467 943 1598 1039 quidem
1623 943 1877 1042 distinguantur,
1902 972 1979 1023 vere

312 1069 428 1144 cadem
454 1069 531 1139 sint.
581 1065 672 1136 Tum
698 1066 797 1137 otiam
821 1065 959 1158 viderat,
984 1074 1126 1138 mentem
1151 1088 1257 1162 neque
1282 1063 1317 1134 in
1342 1070 1488 1159 ternpore
1513 1088 1619 1161 neque
1644 1064 1679 1134 in
1704 1065 1779 1137 loco
1805 1090 1892 1161 esse,
1918 1091 1983 1141 ne·
2113 1101 2118 1105 ·

311 1213 375 1286 qne
400 1188 441 1258 ab
469 1177 586 1258 alicnis
611 1186 710 1257 rebus
735 1185 991 1281 irrrpulsarnagi
1016 1210 1058 1259 ac
1082 1186 1164 1283 pafi,
1199 1184 1258 1257 sed
1283 1190 1441 1280 perpetuo
1468 1207 1528 1256 sua
1553 1184 1596 1277 vi,
1623 1208 1682 1256 suo
1708 1184 1832 1282 impetu
1856 1187 1982 1261 moveri

310 1315 346 1380 et
368 1305 545 1379 1111111111
565 1312 685 1394 natura
709 1305 876 1377 immotam
901 1313 1070 1402 perstare3
1095 1305 1229 1377 remotis
1254 1302 1355 1397 igitur
1380 1303 1511 1398 agendi,
1536 1303 1695 1400 patiendi,
1720 1305 1799 1398 loci,
1825 1307 1982 1404 temporis

313 1426 504 1522 categoriis,
538 1432 646 1497 motus
673 1434 836 1524 (κίνησις)
866 1431 901 1495 ct
926 1431 1030 1497 statos
1059 1430 1191 1522 (ςάσις)
1222 1423 1373 1495 notiones
1397 1423 1433 1494 in
1457 1447 1512 1496 res
1547 1423 1775 1521 intelligibiles
1801 1427 1981 1521 transtulit,

311 1545 361 1621 ita
384 1546 527 1643 quidem,
553 1553 589 1616 ut
613 1544 677 1616 lrae
702 1567 828 1640 quoque
852 1569 919 1617 non
934 1569 994 1641 per
1012 1568 1049 1616 se
1074 1543 1134 1615 sed
1159 1542 1356 1639 cogitatione
1381 1550 1506 1615 tantum
1532 1543 1679 1618 diversae
1705 1545 1785 1618 sint.
1826 1545 1983 1644 Denique

312 1690 410 1764 quum
436 1664 657 1761 cognovisset,
683 1672 825 1736 montem
848 1665 890 1735 ad
912 1689 948 1736 se
974 1657 1099 1734 tantum
1122 1686 1221 1759 posse
1245 1661 1376 1755 referri,
1403 1687 1501 1759 quum
1518 1664 1594 1736 alia
1619 1664 1729 1736 omnia
1750 1687 1792 1736 ex
1817 1664 1892 1762 ipsa
1917 1688 1986 1753 111-ν

312 1785 460 1858 otiantur
485 1790 519 1854 et
543 1781 715 1877 prodeant,
740 1783 907 1873 relationi,
942 1806 1038 1876 qnam
1062 1782 1112 1850 ibi
1135 1782 1260 1853 nullam
1285 1806 1358 1850 esse
1385 1781 1539 1871 ostendit,
1565 1791 1710 1854 maturum
1735 1783 1983 1867 istumcans'ae

312 1911 410 1999 atque
436 1900 572 1972 ellectus
591 1924 714 1972 nexum
739 1901 917 1992 substituit,
945 1911 1008 1997 quo'
1033 1921 1126 1969 mens
1152 1905 1288 1969 aeterna
1312 1896 1363 1968 sui
1388 1897 1486 1967 simul
1501 1920 1613 1968 cansa
1638 1908 1736 1994 atque
1762 1902 1897 1974 effectas
1919 1905 1982 1994 sit3

312 2021 372 2094 sed
396 2044 515 2093 novum
539 2019 672 2115 aliquod
696 2044 811 2116 genus,
838 2013 972 2116 quo'lric
996 2041 1100 2090 nexus
1125 2016 1337 2107 indicaretur,
1362 2039 1429 2087 non
1453 2014 1591 2110 induxit,
1618 2016 1695 2113 quia
1708 2017 1785 2124 ,iam
1809 2019 1845 2091 in
1870 2021 1983 2096 notio·

310 2140 408 2213 nibus
432 2146 539 2213 motus
566 2146 599 2211 et
623 2146 729 2212 status
755 2164 828 2211 cunr
853 2139 963 2212 inesse
988 2137 1209 2210 intellexerat
1226 2131 1270 2226 ⁵¹)
1320 2134 1369 2207 Ut
1395 2136 1594 2231 categorias,
1624 2137 1674 2209 ita
1699 2138 1799 2210 etiam
1824 2141 1982 2238 syllogis-

311 2284 384 2333 mos
396 2259 513 2333 reiecit
523 2259 629 2356 iisque
644 2259 745 2331 multo
771 2259 973 2353 interiorem,
1000 2283 1097 2355 quarn
1121 2257 1217 2352 vulgo
1233 2255 1269 2327 in
1294 2254 1416 2328 sobolis
1442 2255 1709 2353 pbilosophorum
1732 2256 1846 2350 fiebat,
1870 2260 1981 2334 locum

312 2379 510 2475 assignavit3
525 2373 569 2468 96)
601 2377 660 2447 sed
694 2379 793 2448 etiam
826 2380 890 2450 bno
915 2379 951 2447 in
974 2401 1013 2449 re
1038 2401 1112 2446 cum
1138 2375 1319 2445 Aristotele
1353 2374 1477 2444 inscius
1512 2379 1767 2448 consensit-
1803 2377 1981 2472 Physicanr

310 2496 504 2569 Aristotelis
530 2492 724 2584 doctrinam,
749 2493 785 2561 in
810 2516 875 2588 qua
893 2490 997 2564 simul
1022 2498 1056 2562 et
1079 2488 1313 2562 minutissimas
1336 2511 1392 2560 res
1417 2489 1666 2585 diligentissime
1691 2493 1922 2589 exploraverat
1945 2507 1979 2570 et

311 2613 443 2710 singula
468 2634 615 2710 quaeque
639 2634 690 2682 ex·
704 2610 819 2707 primis
846 2610 955 2683 causis
981 2632 1023 2681 ac
1048 2608 1229 2680 rationibus
1254 2605 1494 2703 explicaverat,
1524 2609 1657 2682 minime
1680 2611 1845 2684 intellexit
1864 2614 1979 2688 Ploti-

311 2756 386 2826 nus,
413 2732 490 2830 quia
507 2730 542 2802 in
568 2731 618 2804 sui
635 2737 669 2802 et
693 2730 747 2802 dei
772 2729 1048 2827 contemplatione
1074 2726 1198 2798 defixus
1216 2749 1271 2797 res
1297 2725 1444 2821 singvdas
1471 2733 1567 2822 atque
1593 2736 1746 2802 externas
1773 2731 1889 2828 dignas
1913 2759 1981 2809 non

310 2851 466 2943 babebat,
493 2851 536 2923 ad
559 2874 640 2947 quas
667 2850 870 2938 attenderet3
896 2856 929 2921 et
948 2846 1106 2942 quamvis,
1136 2843 1309 2940 quodiam
1333 2868 1434 2940 snpra
1457 2846 1614 2918 monitum
1639 2855 1702 2940 est,
1724 2849 1898 2944 interdum,
1924 2855 1980 2926 ubi

312 2971 355 3045 de
377 2995 488 3045 rerum
511 2969 708 3043 naturalium
728 2968 793 3040 line
814 2975 847 3039 ct
869 2965 1008 3038 consilio
1030 2964 1173 3054 disserit,
1207 2962 1294 3034 ultra
1314 2961 1490 3035 Platonem
1513 2973 1611 3062 atque
1626 2966 1842 3042 Aristotelem
1865 2971 1899 3042 in
1920 2998 1979 3046 ar·

312 3115 398 3165 cana
422 3098 561 3163 naturae
586 3088 759 3183 penetrare
781 3085 946 3177 videatur,
980 3084 1016 3155 in
1041 3081 1279 3179 cognoscendis
1310 3090 1419 3154 tamen
1443 3092 1476 3155 et
1498 3083 1714 3159 diudicaudis
1737 3090 1856 3182 rebus,
1892 3093 1981 3166 omni

312 3206 516 3306 experientia
536 3204 720 3301 repudiata,
750 3229 791 3278 ex
812 3205 886 3301 ipsa'
906 3210 1014 3275 mente
1038 3203 1158 3294 omnia,
1190 3226 1274 3298 quae
1296 3209 1453 3275 anatona
1475 3202 1568 3298 fiunt,
1597 3207 1753 3304 explicat,
1789 3217 1822 3280 et
1845 3210 1921 3281 dnm
1944 3215 1980 3286 in

296 3335 384 3405 ,tota
407 3349 517 3398 rernm
538 3325 749 3397 universitate
770 3332 911 3397 mentem
929 3330 1051 3416 mente,
1077 3322 1218 3394 animam
1236 3322 1344 3394 anima
1360 3322 1451 3418 tangi
1468 3325 1645 3417 existimat,
1671 3349 1844 3425 corporum
1859 3338 1979 3405 natura

311 3447 467 3544 neglecta
485 3443 528 3517 ad
548 3445 718 3540 mysticam
741 3444 884 3542 aliquam
903 3442 1032 3516 devenit
1054 3466 1163 3513 rernm
1191 3441 1461 3539 explicationem,
1495 3468 1559 3540 qua
1582 3445 1663 3517 nilril
1686 3448 1888 3544 explicatur,
1919 3449 1979 3524 sed

312 3566 422 3641 omnia
448 3567 676 3638 obscurantur.
727 3564 827 3638 Hanc
851 3563 939 3635 omni
963 3563 1091 3635 ratione
1113 3568 1277 3635 carentem
1307 3569 1445 3634 naturae
1468 3565 1775 3662 contemplationem
1801 3570 1979 3666 praecipuo

311 3686 348 3759 in
369 3685 439 3759 eius
462 3683 504 3756 de
525 3682 674 3756 sensibus
698 3683 849 3780 opinione
869 3683 1100 3781 conspicimus,
1132 3705 1214 3778 quos
1237 3680 1279 3753 ad
1303 3681 1466 3755 internam
1491 3684 1634 3781 aliquam
1658 3686 1759 3758 animi
1780 3711 1855 3760 eum
1877 3689 1977 3761 rebus
2027 3698 2031 3709 '

312 3803 571 3879 convenientiam
598 3803 652 3874 vel
673 3809 894 3897 συμπάθειαν
921 3809 1068 3893 revocat,
1101 3824 1205 3898 neque
1225 3800 1334 3873 media
1359 3825 1500 3900 corpora
1524 3804 1649 3898 statuit,
1680 3829 1742 3904 per
1761 3828 1845 3900 qnae
1867 3829 1978 3880 rerum

309 3924 471 4020 imagines
496 3922 548 3995 vel
567 3920 757 3995 affectiones
781 3921 960 3995 adsensus
981 3930 1111 3994 nostros
1139 3922 1350 4017 perveniant,
1383 3929 1481 4017 quum
1511 3931 1628 3997 contra
1651 3923 1852 3998 Aristoteles
1875 3927 1978 4001 multo

310 4043 434 4118 rectius
456 4041 633 4134 docuisset,
656 4040 750 4133 nibil,
775 4041 860 4138 quod
883 4039 919 4112 in
940 4064 1056 4114 sensus
1081 4039 1190 4131 cadat,
1216 4042 1288 4111 sine
1305 4038 1412 4111 medio
1433 4041 1542 4137 aliquo
1555 4039 1696 4138 percipi,
1720 4065 1763 4115 ne
1778 4066 1819 4116 ea
1834 4045 1977 4144 quidem,

311 4186 395 4261 quae
417 4169 506 4234 tactu
529 4161 725 4253 sentiamus,
758 4159 792 4230 in
815 4161 931 4257 quibus
956 4160 1052 4257 vulgo
1073 4159 1199 4231 nullum
1220 4182 1294 4231 essa
1316 4157 1457 4230 medium
1480 4166 1644 4257 putamus.
1666 4154 1707 4254 ⁸⁸)
1760 4161 1976 4260 Quamquam,

311 4290 348 4355 ut
368 4281 536 4373 ostendat,
565 4281 743 4353 sentientes
764 4303 825 4352 nos
846 4305 913 4352 non
937 4280 1042 4354 solmn
1074 4279 1144 4378 pati
1173 4277 1298 4376 aliquid
1316 4276 1376 4350 sed
1399 4301 1518 4374 agere,
1547 4301 1653 4376 neque
1680 4287 1833 4356 externas
1853 4290 1978 4357 tantum

354 4514 394 4583 ο*)
412 4517 451 4570 De
469 4517 611 4571 bleramus
629 4516 795 4584 intelligitlum
814 4518 951 4584 generibus
969 4518 1055 4584 agitur
1071 4516 1096 4570 11
1114 4522 1172 4568 toto
1190 4515 1256 4568 libro
1274 4515 1356 4568 attero
1373 4514 1506 4569 saresta
1523 4522 1624 4570 sextae.

355 4614 391 4681 ο1)
408 4616 475 4669 Ean.
492 4618 515 4682 1,
532 4623 556 4670 ³.
582 4618 629 4683 lV,
645 4621 670 4685 4,
688 4623 713 4672 1.
731 4624 756 4672 a.
774 4623 802 4671 et
817 4634 907 4687 mapa
941 4617 987 4672 Sta
1004 4617 1083 4672 111111
1100 4616 1348 4671 demonstrationem
1372 4614 1548 4686 (ἀπόδειξιν)
1565 4623 1662 4672 rectam
1679 4617 1732 4672 vert
1749 4616 1894 4676 1111111111
1911 4621 1977 4679 vnn

413 4717 446 4753 11
462 4702 587 4755 rationare
606 4718 665 4756 1111
684 4711 764 4770 negat
782 4701 813 4767 V,
830 4706 856 4766 b,
877 4706 899 4754 l.

357 4798 396 4869 οε’1
414 4800 545 4856 brisaca
562 4803 646 4859 1111111
663 4804 699 4871 ll,
716 4807 803 4870 s-ta,
820 4801 861 4856 cui
878 4801 1167 4860 cumanensem
1182 4803 1210 4858 in
1226 4802 1293 4858 noro
1310 4802 1376 4880 napi
1392 4797 1493 4874 ὅψεως,
1510 4801 1578 4860 En·
1595 4801 1641 4868 tt,
1657 4804 1685 4856 b.
