4386 5618
1069 396 1130 473 '50

980 499 1223 514 m

268 642 298 687 ιι.
320 640 351 684 τ.
375 620 404 684 λ.
436 605 643 680 scribendum
669 630 744 681 esse
778 604 929 693 coniicit3
963 603 1022 676 sed
1051 624 1159 701 neque
1183 603 1232 675 ita
1256 602 1369 676 vitium
1384 605 1554 680 *menonis
1582 605 1726 681 ‘mmm
1782 608 1937 705 ΜΨ
2002 576 2018 591 “

142 746 145 750 ’
265 728 331 800 nisi
355 726 466 820 lallor,
502 729 725 802 emendaveris
750 727 817 798 ita:
848 730 993 824 ἀγνοῶν,
1025 730 1081 802 ὅτι
1100 736 1176 802 τοῦ
1196 732 1249 822 μὴ
1273 732 1426 824 φέρειν
1447 735 1615 826 διαφέρει·
1635 738 1685 807 τὸ
1714 738 1867 831 φέρειν
1885 739 1936 809 τά

266 851 482 946 ἀναγκαῖα
504 859 574 925 καί
593 857 646 946 μὴ
671 854 975 948 δυσχεραίνειν,
1001 850 1101 944 εῖπερ
1123 852 1183 920 καί
1203 858 1429 933 ποιεῖται,
1452 849 1597 942 ἀγαπῶν
1620 883 1650 923 ιι.
1671 882 1702 924 τ.
1722 859 1755 925 λ.
1811 843 1933 924 Natis·

265 966 349 1040 sima
372 976 424 1040 ert
449 968 594 1040 oratoria
617 967 679 1037 illu
703 965 815 1058 diotio,
843 989 907 1063 qua
932 965 1107 1060 negatione
1133 963 1289 1037 contrarii
1314 961 1523 1037 affirmationi
1548 968 1780 1063 appositores
1805 969 1936 1065 marim

265 1082 465 1175 affirmatum
505 1100 692 1163 πονεῖσθαι
717 1109 796 1158 uero
827 1085 895 1156 iam
928 1085 1068 1182 praeivit
1092 1083 1257 1157 Homerus
1281 1082 1326 1156 ll.
1339 1082 1421 1176 IV,
1453 1086 1543 1159 374.
1563 1086 1629 1178 fx,
1655 1087 1718 1159 70.
1751 1129 1805 1144 -
1843 1085 1938 1163 Vere

140 1234 143 1238 ’
264 1204 412 1277 sublimis
435 1212 487 1277 εει
510 1204 571 1277 illa
595 1206 681 1277 ritae
705 1206 866 1278 humanae
890 1228 963 1278 eum
984 1203 1098 1277 sabula
1121 1205 1257 1278 seeniea
1281 1204 1496 1300 comparatio,
1522 1207 1707 1302 quamrite
1733 1230 1846 1280 omnes
1871 1206 1937 1283 ad·¹

164 1407 176 1418 ‚
263 1324 479 1418 mirarentur,
513 1325 602 1398 siin
627 1326 713 1398 libro
739 1326 909 1423 scriptoris
936 1325 1074 1398 alieuius
1101 1349 1143 1397 ex
1168 1348 1280 1398 eorum
1305 1349 1460 1416 numere,
1495 1350 1577 1422 quus
1609 1326 1758 1423 plerique
1782 1326 1935 1405 lectitare

263 1445 388 1537 solent,
423 1445 602 1543 legissent,
635 1443 708 1538 Ill,
735 1449 772 1538 2,
802 1448 863 1519 17.
899 1446 948 1543 (p.
974 1445 1064 1538 486,
1095 1443 1171 1543 14.)
1230 1444 1286 1517 Ibi
1318 1445 1403 1519 vitas
1428 1453 1462 1517 et
1487 1447 1634 1518 aetiones
1669 1446 1834 1520 bominum
1857 1470 1935 1521 eum

262 1565 393 1638 actione
419 1566 571 1659 fabulae,
605 1565 702 1638 deum
726 1565 837 1637 mundi
870 1564 1071 1638 conditorem
1104 1565 1310 1662 latorumque
1343 1565 1601 1663 dispensatorem
1627 1589 1700 1638 eum
1726 1574 1843 1663 poeta,
1877 1565 1935 1664 qui

261 1702 322 1781 pro
349 1685 484 1759 arbitrio
510 1710 570 1757 suo
594 1693 707 1783 partos
731 1685 943 1757 histrionibus
968 1685 1144 1778 distribuit,
1168 1686 1259 1782 ipsos
1284 1685 1433 1759 lomines
1459 1710 1533 1758 eum
1557 1685 1768 1759 histrionibus
1793 1709 1934 1784 eompa-

260 1813 327 1876 τοι.
380 1803 452 1877 Sed
477 1805 584 1876 minus
604 1804 830 1900 intelliguntur
854 1804 973 1876 verba:
999 1815 1102 1899 τιμὰς
1129 1812 1188 1881 καί
1217 1810 1356 1899 ἀτιμίας
1383 1810 1555 1903 ὁρίζουσι,
1588 1814 1661 1882 ναί
1688 1819 1739 1904 τῷ
1770 1835 1933 1884 συνεπω

261 1928 447 2017 λαμβάνειν
475 1932 548 2000 ναί
576 1928 737 2012 αὐτοῦς
763 1938 882 2018 τιμαῖς
909 1931 968 1999 καί
986 1927 1161 2016 ἀτιμίαις,
1192 1927 1399 2022 ἁρμόζοντος
1420 1927 1546 2015 ἑνιάςου
1567 1927 1678 2000 τόπου
1699 1937 1774 2011 τοῖς
1795 1925 1930 2021 ἤθεσιν,

261 2045 308 2129 ὥς
329 2056 521 2139 συμφωνεῖν
541 2053 590 2139 τρῖ
609 2055 672 2118 τοῦ
693 2052 821 2131 παντὸς
842 2047 940 2140 λόγῳ.
986 2041 1053 2132 Qui
1078 2050 1154 2114 aunt
1178 2042 1242 2134 illi,
1268 2043 1323 2139 qui
1348 2041 1489 2114 bonores
1514 2048 1612 2137 atque
1639 2040 1839 2136 ignominias
1865 2040 1930 2118 do-

258 2156 407 2231 finienti
436 2166 471 2233 et
495 2159 573 2257 quid
597 2168 651 2232 est
683 2165 990 2255 συνεπιλαμβάνειν
1017 2171 1093 2239 τινὰ
1110 2177 1239 2256 ,τιμαῖς
1260 2170 1319 2238 καί
1340 2165 1519 2255 ἀτιμίαιςῖ
1550 2159 1609 2233 Ex
1632 2159 1744 2233 Ficini
1776 2159 1928 2234 versione
2001 2176 2015 2185 ”

257 2279 340 2350 nibil
365 2278 565 2375 proficimus.
618 2277 743 2353 Omnia
766 2303 843 2352 vero
869 2288 961 2352 reete
984 2280 1178 2378 procedunt,
1203 2281 1232 2352 si
1256 2281 1305 2354 ita
1327 2280 1442 2376 legas:
1470 2289 1545 2358 καί
1571 2290 1676 2374 τιμὰς
1703 2288 1762 2356 καί
1783 2285 1927 2375 ἀτιμίας

259 2401 423 2496 ὁρίζουσι,
454 2404 507 2491 (oi
528 2406 619 2482 θεοί,
653 2399 740 2489 quud
764 2422 806 2466 ex
829 2421 915 2466 nexu
939 2398 1041 2466 faeile
1065 2399 1277 2488 intelligitur3
1311 2400 1521 2467 eontinuatur
1554 2398 1641 2468 emm
1672 2400 1811 2494 incepta
1831 2424 1929 2472 cum-
1967 2432 1970 2439 ·

258 2513 387 2611 paratio
402 2512 462 2604 ita,
488 2519 524 2584 ut
538 2512 584 2583 dii
599 2535 673 2584 eum
685 2511 847 2582 iudicibus
862 2511 1075 2581 certaminum
1093 2510 1161 2580 sire
1181 2526 1385 2607 μραβιοιαῐς
1405 2510 1632 2595 conferantur)
1643 2526 1693 2606 τῷ
1709 2544 1854 2612 popm
1863 2548 1928 2592 2...

259 2639 444 2728 λαμβάνειν
471 2641 546 2710 καί
574 2636 734 2720 αὐτοὺς
758 2639 860 2719 τοὺς
887 2632 1052 2714 τόπους
1078 2641 1154 2714 ταῖς
1181 2642 1298 2721 τιμαῖς
1328 2637 1387 2704 ναί
1417 2632 1583 2721 ἀτιμίαις,
1609 2635 1647 2699 ut
1671 2627 1756 2702 laea
1777 2630 1822 2703 sit
1847 2655 1929 2705 een·

257 2753 378 2827 tentia:
402 2751 502 2825 etiam
527 2752 669 2825 bonores
688 2758 785 2846 atque
807 2746 1003 2843 ignominias
1028 2744 1074 2815 dii
1099 2743 1267 2837 definiunt,
1301 2743 1392 2817 dum
1424 2747 1554 2820 etiam
1579 2747 1674 2844 ipsa
1697 2747 1798 2822 luea
1820 2749 1929 2824 bono·

257 2872 350 2945 rubus
380 2872 632 2969 ignominiisque
667 2864 1051 2965 comprobandum
1094 2862 1195 2936 laoile
1224 2864 1312 2936 enim
1343 2865 1444 2937 rerba
1475 2875 1557 2955 τούς
1582 2871 1727 2956 τόπους,
1768 2869 1812 2941 ad
1843 2894 1928 2968 quaa

257 2994 428 3088 sequentia
456 2992 658 3087 respiciunt,
698 2983 867 3058 absorberi
890 2991 1052 3080 poterant
1081 2985 1285 3079 praegressis
1317 2993 1377 3062 καὶ
1405 2990 1538 3074 αὐτούς.
1595 2982 1737 3058 Seilieet
1760 2987 1927 3084 Plotinae,

257 3108 433 3183 Platonem
464 3115 619 3200 secutus,
658 3127 915 3202 unumquemque
947 3110 1022 3200 post
1053 3112 1191 3175 mortem
1223 3105 1258 3177 iu
1285 3104 1384 3175 talem
1412 3105 1523 3177 louum
1555 3103 1641 3176 mitti
1672 3107 1830 3202 putabat,
1871 3109 1928 3207 qui

257 3229 343 3300 vitae
378 3228 449 3300 eius
478 3227 513 3298 iu
547 3226 611 3299 luoe
641 3225 762 3298 mundo
792 3230 949 3322 peractae
986 3223 1250 3296 accommodatus
1291 3231 1397 3316 esset,
1436 3224 1473 3296 id
1505 3223 1592 3321 quod
1624 3225 1723 3297 etiam
1756 3231 1927 3325 sequentia

257 3348 359 3421 rerba
389 3347 548 3421 indieant.
573 3388 627 3403 -
664 3344 820 3419 Vidimus
851 3366 971 3441 supra,
1004 3340 1173 3415 Plotinum
1204 3344 1360 3441 temporis
1391 3344 1551 3440 originem
1567 3343 1628 3418 'ad
1660 3354 1767 3419 ortum
1797 3347 1926 3422 animae

255 3467 402 3561 referre,
437 3492 539 3566 quae,
574 3492 673 3566 quum
701 3472 859 3564 perpetuu
893 3487 935 3536 ex
959 3469 1070 3535 mente
1101 3463 1240 3561 prodeat
1264 3463 1308 3536 ad
1333 3464 1481 3559 singulas
1506 3462 1563 3537 res
1595 3463 1809 3559 efficiendae,
1842 3491 1944 3565 per·¹
2046 3452 2048 3456 ⁸

256 3596 356 3686 petuo
376 3588 476 3660 etiam
499 3589 657 3685 temporis
679 3596 794 3660 auctor
810 3585 871 3674 sit3
897 3584 1012 3656 iamet
1028 3591 1157 3681 tempus
1172 3583 1377 3657 aeternitatis
1390 3584 1566 3681 imaginem
1583 3609 1657 3658 esse
1669 3594 1703 3657 et
1718 3587 1847 3660 animae
1860 3588 1925 3662 rim

257 3705 293 3778 in
316 3713 462 3804 tempore
486 3716 674 3805 operantem
696 3706 815 3779 menbs
835 3711 1003 3777 aeteruum
1028 3710 1152 3776 motum
1171 3704 1252 3777 dicit
1271 3703 1393 3776 imitari
1413 3702 1480 3797 Vl,
1506 3707 1542 3799 5,
1568 3707 1630 3779 ll.
1656 3706 1706 3802 (p.
1728 3707 1841 3798 1227,
1868 3704 1923 3798 5.)

258 3823 348 3901 Sunt
363 3829 481 3908 verber
499 3833 626 3928 ταύτης
651 3840 728 3926 (τῆς
755 3828 1079 3924 ἀντιπαραθεσάσης
1106 3829 1260 3922 φάσεως,
1292 3824 1317 3895 l·
1335 3845 1367 3896 θ·
1391 3838 1453 3923 τῆς
1474 3831 1637 3923 κινήσεως
1656 3837 1716 3920 τῆς
1737 3836 1866 3922 ψυχῆς)
1879 3833 1922 3903 τά

78 4042 83 4051 g
217 3985 220 3990 ’
257 3950 319 4025 ῖσα
344 3978 419 4036 πως
437 3959 489 4045 τῷ
506 3952 616 4051 χρόνῳ
637 3950 796 4045 θεούσης,
821 3950 1149 4042 πρυσμίνουσαν
1170 3950 1321 4037 δύναμιν,
1344 3950 1453 4020 πλείω
1475 3945 1583 4019 οὖσα
1603 3951 1654 4036 τῷ
1674 3954 1789 4017 ποιεῖν
1809 3950 1924 4043 ἐκείνη

257 4070 338 4161 igis,
362 4072 443 4144 ὅσον
464 4072 656 4167 παρετάθη.
702 4064 785 4157 Quis
809 4061 939 4135 tandem
961 4060 1044 4133 laea
1065 4059 1254 4158 intedigoti
1279 4060 1471 4134 Beatiorem
1493 4060 1578 4131 rimu
1593 4064 1776 4132 monstrant
1789 4061 1922 4137 uodiees

258 4206 330 4276 sex,
355 4185 412 4282 qui
433 4210 495 4283 pro
520 4188 606 4263 odae
630 4183 752 4258 babent
773 4185 894 4270 οὖσανς
920 4188 1008 4256 totus
1029 4180 1123 4255 loeus
1136 4181 1185 4255 ita
1203 4181 1363 4277 legendus
1377 4187 1446 4253 esta
1466 4182 1796 4279 ταύτης-θεούσης
1815 4189 1923 4279 πρὸς

258 4311 468 4398 μίν-ουσαν
496 4309 654 4398 δύναμιν,
685 4311 794 4381 πλείω
823 4304 952 4378 οὖσαν
972 4314 1022 4398 τῷ
1038 4317 1168 4379 ποιεῖν·
1199 4308 1310 4400 ίιιείνη
1333 4305 1368 4378 d’
1392 4307 1479 4393 ἐςίν,
1511 4303 1593 4374 ὅσον
1613 4303 1805 4398 παρετάθη,
1833 4296 1858 4370 ἰ.
1887 4320 1920 4375 a·

258 4418 335 4494 dum
360 4418 429 4496 bio
449 4419 593 4520 (ammae
614 4421 737 4520 mutus)
763 4421 909 4520 sequitur
934 4429 1169 4494 manentem
1197 4420 1347 4513 (mentis)
1378 4417 1476 4510 rim,
1510 4440 1636 4514 qnae,
1671 4415 1747 4513 quia
1769 4422 1821 4488 est
1843 4415 1921 4491 effi·

257 4538 370 4634 aiens,
403 4542 538 4616 maior
569 4551 653 4637 est,
687 4542 766 4616 ille
791 4565 888 4615 uero
922 4541 1005 4630 (iam
1035 4542 1121 4616 euim
1155 4540 1198 4613 ad
1225 4541 1354 4615 ειὶοιεε
1384 4549 1507 4611 mutum
1530 4536 1631 4625 redit)
1663 4540 1810 4607 tantus
1840 4545 1921 4630 est,

186 4734 192 4741 .
258 4662 515 4757 quantumin
536 4660 1009 4762 temporeexteuditur,
1034 4661 1106 4734 vele
1133 4661 1343 4758 temporis
1366 4660 1490 4754 leges
1513 4678 1594 4728 non
1614 4658 1758 4751 potest
1779 4662 1920 4730 trans·

119 4808 126 4817 ·
258 4779 482 4856 εσειιίειε.
523 4783 621 4877 Quod
643 4792 756 4884 ἐκείνη
777 4783 814 4856 iu
829 4783 935 4858 altero
948 4780 1149 4856 membrode
1166 4781 1281 4856 eadem
1303 4805 1342 4856 re
1359 4779 1491 4871 dieitur,
1516 4797 1600 4873 quae
1613 4779 1711 4848 autea
1728 4775 1920 4873 pronomine
