4386 5618
1069 384 1119 463 68

271 608 387 690 ἐόντα,
414 597 500 673 uude
523 602 709 695 corruptum
729 592 832 668 estin
853 592 928 667 cod.
943 585 1006 666 Ab.
1038 591 1189 665 Beklreri
1204 598 1321 669 ἐῶντα.
1365 591 1520 691 Denique
1542 592 1644 690 etiam
1664 590 1856 694 Simplicius
1880 603 1934 673 cor

270 721 336 796 huc
361 720 448 795 dictu
474 720 585 812 utitur,
612 717 671 815 (sd
685 717 779 815 phys.
797 714 823 788 l.
840 714 904 808 29,
919 717 954 789 b.
981 715 1044 806 31,
1062 738 1096 787 a.
1124 711 1187 805 53,
1202 712 1254 805 b.)
1280 710 1340 785 sed
1361 716 1460 788 rerba
1482 715 1606 806 uariet3
1631 716 1736 814 priori
1752 718 1838 790 cuin
1855 716 1932 793 loeo

237 900 242 911 ·
270 867 331 939 pto
358 846 447 919 τοῦτ’
469 846 605 938 οὐδαμῆ
640 836 773 933 ,scripsit
804 842 942 934 τόγομῆ
958 838 1008 922 ὃν,
1039 834 1137 907 tertie
1160 838 1237 929 τόγε
1258 844 1399 933 μηδαμῆ
1420 838 1519 924 εἶναι,
1563 836 1649 933 qaod
1677 838 1829 911 vitiosum
1858 858 1933 915 08³0

271 961 384 1035 statim
407 969 511 1058 patet.
562 956 748 1031 Laboranti
771 961 884 1029 metro*
900 978 1094 1029 succurrere
1119 952 1245 1033 studuit
1262 952 1496 1047 Heindorfius‚
1528 958 1706 1033 serilcnsz.

359 1084 399 1158 od
414 1089 478 1178 γὰρ
490 1083 624 1176 μήποτε
638 1090 768 1167 τοῦτο
785 1086 806 1155 d
814 1111 836 1153 α
843 1087 893 1177 ᾗς
906 1077 994 1154 εἶναι
1007 1084 1053 1175 μὴ
1069 1079 1179 1161 ἐόντα,
1205 1098 1302 1170 quam
1321 1075 1581 1157 emendationem
1593 1085 1627 1150 et
1635 1075 1862 1153 Studeamus
1876 1099 1936 1151 ee·

267 1205 366 1285 ¹erutus
389 1204 452 1288 est,
480 1204 513 1269 ct
528 1195 704 1285 Beklrerus
726 1196 763 1269 in
784 1194 937 1277 Platonis
960 1202 1057 1292 atque
1076 1193 1270 1279 Aristotelis
1293 1202 1422 1279 textum
1435 1197 1580 1295 recepit.
1632 1198 1822 1271 Karstem
1844 1221 1936 1290 vero,

272 1318 452 1415 desperans
467 1317 502 1389 in
518 1338 688 1389 numerum
703 1317 765 1389 illa
781 1317 880 1390 rerba
892 1315 998 1412 redigi
1012 1339 1124 1413 posse,
1148 1339 1215 1389 nou
1227 1314 1296 1387 uult
1310 1315 1412 1412 ipsius
1428 1315 1638 1391 Parmenidis
1658 1343 1745 1411 csse,
1770 1317 1829 1391 sed
1844 1316 1937 1390 Par-

271 1437 455 1510 menideam
469 1436 863 1511 sententiamPlatouicis
877 1437 986 1509 uerbis
1004 1459 1205 1533 expressam
1231 1443 1265 1507 ct
1286 1435 1335 1508 ita
1347 1434 1502 1509 Eleatem
1516 1463 1612 1511 versu
1631 1438 1758 1512 orbavit
1774 1434 1937 1534 gravissi·

270 1582 338 1649 mo,
364 1581 461 1655 quern
481 1580 594 1629 ornnes
617 1563 718 1631 autea
733 1557 805 1630 eius
825 1580 902 1631 essa
924 1564 1127 1652 putaverant.
1179 1555 1232 1629 At-
1250 1580 1359 1628 nonne
1380 1557 1556 1653 permirum
1582 1566 1682 1649 esset,
1706 1556 1935 1652 Aristotelem,

162 1772 165 1777 ¹
272 1677 328 1775 qui
351 1677 461 1749 ornuia
485 1700 615 1772 semper
632 1675 702 1747 suis
725 1677 830 1750 oculis
852 1674 945 1768 vidit,
966 1676 1025 1757 hic
1045 1701 1087 1747 ex
1101 1675 1245 1749 Platone
1268 1676 1353 1749 hooc
1373 1678 1474 1749 rerba
1493 1677 1778 1772 nausearipsisse,
1803 1700 1869 1748 non
1892 1672 1937 1747 nd

270 1795 379 1892 ipsmn
392 1794 624 1865 Parmenidcm
639 1790 805 1875 rediisse?
829 1817 935 1888 neque
952 1792 1146 1890 Simplicius
1162 1795 1253 1865 dieta
1277 1795 1481 1886 antiquorum
1496 1795 1762 1889 philosophorum
1777 1819 1820 1867 cx
1843 1792 1936 1866 deri·

152 2002 158 2009 .
271 1914 355 1986 ratis
380 1913 492 2013 rivulis
513 1911 646 1982 haurire
666 1912 764 1984 solet.
814 1910 970 2004 Accedit,
997 1914 1083 2009 quod
1099 1915 1269 1986 verborum
1292 1910 1466 1981 collocatio
1483 1911 1666 1983 luculenter
1682 1914 1837 2005 ostendit,
1863 1913 1937 1986 dis·

271 2033 360 2105 iacta
383 2032 445 2103 illa
468 2055 581 2103 versus
601 2031 749 2103 membra
767 2053 856 2101 esse.
907 2029 1053 2125 Scripsit
1066 2053 1143 2102 vero
1164 2029 1212 2100 ita
1234 2028 1468 2101 Pammenidesz
1502 2035 1543 2107 οὐ
1564 2040 1629 2129 γὰρ
1649 2036 1784 2129 μήποτε
1803 2043 1933 2110 τοῦτο

272 2164 353 2245 dap
361 2165 385 2253 ᾗ
392 2186 426 2240 ς,
450 2132 541 2228 eloco
561 2158 610 2248 μὴ,
631 2156 748 2227 ἐόντα·
784 2153 821 2219 ut
843 2159 954 2242 δαμᾶν
969 2148 1024 2220 lic
1039 2155 1259 2246 praegnentur
1274 2147 1395 2220 dictum
1409 2149 1471 2221 sits
1505 2148 1809 2246 persuadendo
1835 2150 1935 2222 suls·

271 2271 419 2366 igere,
433 2268 542 2345 *seila
569 2276 605 2339 ut
621 2267 746 2363 aliquid
760 2290 874 2375 rerum
889 2289 964 2338 csse
978 2275 1086 2364 putes,
1103 2267 1160 2365 qui
1172 2266 1360 2339 notissimus
1375 2275 1426 2339 cst
1440 2292 1520 2340 usus
1532 2270 1704 2341 verborum
1721 2284 1826 2358 νικᾶν,
1849 2271 1935 2361 (ore

270 2387 397 2461 forensi
412 2388 591 2476 desumus,
617 2385 664 2456 ei.
678 2386 762 2456 Ant.
780 2384 870 2455 233·
892 2394 991 2473 τέλος
1010 2421 1047 2482 ye
1067 2378 1193 2479 μέντοιΙ
1206 2391 1297 2482 δοῦρ’
1320 2393 1473 2480 ἐνίκησεν
1492 2397 1626 2480 μολεῖν)
1649 2392 1858 2482 ἀναγκάζειν,
1883 2391 1936 2478 (nt

271 2507 363 2578 Plat.
391 2529 494 2599 syrnp.
519 2527 555 2597 p.
584 2502 673 2571 202.
702 2509 748 2596 μὴ
771 2506 884 2575 τοίνυν
905 2502 1081 2593 ἀνάγκαζε,
1106 2499 1125 2571 ii
1146 2506 1192 2591 μὴ
1217 2503 1321 2571 καλόν
1342 2507 1423 2584 ege,
1448 2504 1588 2592 αἰσχρὸν
1609 2499 1714 2588 εἶναι)
1742 2504 1933 2593 quibuscum

271 2626 372 2699 etiam
386 2623 491 2695 latina
505 2619 605 2692 rerba
621 2616 811 2707 vincere,
837 2611 975 2705 (Cicero
990 2611 1122 2686 cluent.
1140 2637 1176 2710 p.
1188 2613 1253 2684 44.
1271 2612 1378 2704 vince,
1403 2611 1505 2684 virum
1521 2614 1642 2686 bonum
1657 2614 1760 2689 luisse
1778 2616 1935 2717 Oppani.

272 2748 361 2838 cum)
388 2763 548 2838 eogere
573 2735 664 2829 (Cic.
689 2734 732 2808 ad
747 2733 845 2820 Brut.
865 2736 903 2828 2,
921 2735 959 2807 7.
983 2733 1046 2806 hoc
1067 2756 1188 2829 cogere
1209 2731 1352 2824 volebat,
1377 2730 1482 2805 falsas
1501 2732 1619 2807 literas
1630 2740 1720 2829 esse)
1746 2739 1935 2831 concinunt.

272 2863 429 2941 Graviori
450 2885 526 2935 vcro
551 2856 708 2931 vocabulo
741 2867 853 2950 δαμᾶν
876 2878 953 2926 usus
978 2860 1048 2945 est,
1081 2860 1118 2924 ut
1146 2851 1329 2944 iudicaret,
1357 2875 1452 2942 euru,
1484 2852 1541 2949 qui
1568 2863 1815 2951 amputaret,
1849 2884 1937 2957 quae

271 3009 338 3058 non
354 2989 477 3074 essunt,
504 2978 598 3076 quusi
615 2999 726 3049 errore
744 2975 914 3045 subactum
930 2980 1001 3047 ete
1022 2980 1115 3045 recta
1130 2972 1183 3044 ria
1195 2971 1364 3044 seductum
1375 2971 1439 3045 loc
1455 2971 1580 3045 iacere.
1600 3046 1603 3051 ,
1629 2970 1783 3049 Ceterum
1800 2981 1935 3076 egregio

272 3103 357 3176 hacc
380 3102 569 3176 coniectura
590 3096 761 3173 adiuvatur
781 3091 926 3164 lectione
951 3091 1078 3165 codicis
1096 3092 1303 3165 Aristotelici
1319 3088 1366 3163 E.
1388 3090 1514 3184 Beldn,
1541 3092 1596 3189 qui
1611 3117 1671 3191 pro
1694 3100 1783 3173 τοῦτ’
1800 3102 1935 3202 οὐδαμῇ

169 3214 179 3237 ’
271 3221 374 3294 labet
398 3228 500 3294 τοῦτο
524 3226 628 3318 δαμῇ.
651 3252 704 3266 -
729 3210 951 3309 Quaecunque
969 3211 1185 3285 Parmenides
1208 3212 1250 3283 de
1275 3212 1476 3308 singularum
1499 3235 1608 3285 rerum
1629 3214 1755 3310 origiue
1778 3216 1936 3314 disputat,

273 3363 327 3433 ee,
353 3335 439 3435 quod
456 3358 522 3407 uon
539 3335 580 3407 ab
597 3332 746 3407 omnibus
761 3338 854 3405 reete
869 3332 1073 3407 intellectum
1089 3338 1153 3424 est,
1177 3355 1284 3428 neque
1298 3340 1336 3403 ut
1350 3357 1411 3405 sua
1424 3354 1531 3427 neque
1544 3339 1581 3403 ut
1595 3355 1672 3404 rere
1685 3336 1849 3431 proponit,
1873 3336 1936 3411 scd

273 3483 315 3535 ea
331 3458 469 3532 aliorum
485 3453 624 3553 placita,
649 3475 733 3551 quae
750 3451 783 3525 ei
796 3452 939 3550 aliquam
955 3452 1024 3525 reri
1037 3451 1181 3549 speeiem
1195 3451 1319 3525 habere
1333 3451 1532 3544 riderentur,
1554 3451 1731 3525 artificiose
1753 3455 1937 3552 composuit

273 3587 308 3651 et
330 3572 509 3651 contexuit.
561 3572 636 3647 Iam
657 3597 754 3669 quum
769 3597 903 3671 prorsus
928 3570 1073 3670 ineptum
1090 3571 1122 3644 ci
1140 3572 1242 3645 visum
1258 3578 1359 3663 esset,
1385 3594 1427 3643 ex
1444 3594 1509 3642 uno
1524 3571 1686 3669 principio
1702 3574 1812 3646 omnia
1828 3575 1936 3649 dedu·

273 3720 364 3791 cere,
390 3694 507 3766 melius
522 3690 652 3787 singula
667 3716 708 3763 ex
725 3691 850 3765 duodus
869 3692 1027 3791 oppositis
1043 3691 1226 3789 principiis,
1251 3690 1327 3762 luce
1344 3714 1385 3762 ac
1399 3698 1509 3782 nocte,
1534 3691 1694 3789 explicari
1715 3717 1814 3790 posse
1834 3700 1935 3789 puta·

273 3818 344 3909 bat,
365 3840 462 3913 quum
478 3813 597 3909 ubique
613 3810 725 3883 lucida
740 3819 837 3908 atquc
852 3815 993 3886 obscura
1015 3812 1118 3885 mixtu
1132 3809 1322 3884 inuenisset.
1372 3809 1451 3883 Hoc
1468 3810 1588 3908 duplex
1604 3811 1798 3884 elementum
1815 3811 1936 3908 ulique

274 3937 356 4010 dicit
372 3934 555 4032 dispersum
569 3956 656 4023 csse,
682 3929 850 4029 utriusque
864 3931 974 4005 omnia
988 3939 1116 4030 partem
1128 3931 1265 4026 habere,
1288 3952 1395 4027 neque
1412 3929 1585 4029 quidquam
1600 3929 1672 4002 sinc
1685 3928 1843 4005 alterutro
1860 3954 1936 4009 esse

274 4079 386 4157 posse.
437 4052 554 4128 Verba
576 4058 654 4133 suut
671 4051 774 4124 haece

508 4225 514 4237 ,
614 4165 685 4231 πᾶν
706 4162 812 4232 πλέον
840 4160 913 4248 igis
934 4157 1022 4249 ὁμοῦ
1048 4157 1236 4253 paciscendi
1263 4159 1382 4241 νυκτὸς
1402 4154 1567 4251 ἀφάντου,

613 4276 700 4349 ἴσων
720 4276 940 4373 ἀμφοτέρων,
971 4278 1049 4349 ἐπεὶ
1071 4276 1285 4372 οὐδετέρῳ
1305 4279 1393 4367 μέτα
1412 4277 1535 4371 μηδέν,
1571 4269 1843 4345 v0123·4.K·

277 4437 360 4511 quae
384 4411 575 4485 Karstcnus
596 4406 645 4479 ita
663 4407 778 4480 uertite
813 4432 947 4505 quorum
971 4414 1142 4505 utrumque
1165 4413 1218 4479 est
1239 4406 1390 4505 aequale,
1417 4406 1616 4504 quoniam
1640 4405 1782 4479 neutri
1806 4405 1935 4485 inane

275 4534 412 4621 inest3
437 4532 501 4603 lroc
522 4529 557 4600 in
582 4526 816 4601 commentario
839 4527 886 4601 ita
902 4526 1060 4624 explicat,
1085 4530 1226 4605 ut'i'ccov
1240 4531 1445 4625 ἀμφοτέρων
1466 4549 1534 4598 uon
1549 4526 1687 4598 alterum
1707 4525 1806 4597 alteri
1819 4549 1882 4623 par
1899 4534 1935 4601 ct

275 4652 414 4749 aequale
436 4673 523 4742 csse,
548 4645 609 4722 sed
629 4671 689 4719 suo
709 4646 857 4745 quodque
880 4671 1002 4746 genere
1025 4645 1248 4737 consenticus,
1273 4645 1337 4719 sibi
1360 4644 1427 4742 ipsi
1447 4644 1549 4742 igitur
1573 4667 1647 4718 esse
1671 4644 1808 4741 aequale
1827 4645 1936 4743 signe,

275 4769 377 4847 icere
392 4771 492 4865 dieat,
517 4776 586 4843 tum
599 4767 707 4869 verilis
723 4770 892 4871 οὐδετέρῳ
911 4774 1000 4864 μέτα
1019 4775 1126 4869 μηδέν
1145 4771 1283 4841 demat
1296 4764 1451 4865 intimi,
1475 4764 1559 4837 ΕΜ
1573 4763 1610 4837 in
1621 4770 1737 4840 ΙθΙΙῐῐθ
1751 4764 1936 4841 elemente-
