4386 5618
971 396 1212 519 ...L-

256 613 442 690 euneiliaro
459 616 550 686 etex
565 631 690 683 summo
706 606 778 679 eius
795 604 935 678 consilio
951 602 1080 700 singula
1102 624 1249 701 quaeque
1271 600 1457 699 explicam
1471 598 1514 702 ¹¹)
1537 603 1688 704 deniqne,
1714 633 1810 706 quum
1826 613 1922 711 prin·

171 820 178 829 ¹
256 757 343 833 ceps
376 732 642 831 philosophorum
674 751 835 826 persaepe
869 749 924 797 res
958 725 1083 796 diuinas
1114 723 1309 819 imaginibus
1343 723 1449 819 magis
1482 733 1516 795 et
1547 729 1701 821 symbolis
1734 733 1925 828 quibusdam

261 854 440 953 propositis
466 849 723 925 adumbrauisset
745 871 842 943 quam
858 845 980 918 diserte
996 845 1209 935 enuntiasset,
1235 844 1414 941 desperans
1438 843 1578 937 scilicet,
1604 850 1735 922 mortali
1757 876 1814 925 ore
1832 865 1924 928 rectu

254 974 305 1053 de
315 975 358 1046 iis
375 973 440 1044 dici
455 994 566 1070 posse,
582 969 736 1041 Plotiuus
753 967 979 1075 haectquoque
994 965 1189 1049 illustranda
1203 972 1317 1039 censet
1330 972 1364 1036 et
1379 965 1535 1037 letantem
1547 967 1608 1045 sub
1623 967 1817 1063 imaginihus
1834 977 1925 1048 veri.

255 1099 361 1167 mtem
377 1091 624 1164 enucleandam.
638 1084 680 1182 ¹²)
723 1087 910 1179 Quibns'in
924 1088 1024 1159 rebus
1039 1087 1185 1183 quamuis
1203 1085 1365 1158 interdum
1382 1089 1517 1157 nrecta’
1532 1085 1586 1159 via
1611 1088 1822 1185 aberraverit,
1849 1095 1922 1191 quis
1979 1077 2000 1145 .”

256 1221 326 1305 ast,
352 1213 407 1309 qui
424 1236 489 1284 non
503 1212 688 1284 uniuersum
702 1208 773 1281 eins
787 1207 959 1281 consilinm
974 1204 1113 1304 probet?
1138 1230 1216 1278 uam
1229 1208 1335 1303 magis
1352 1230 1432 1279 sane
1448 1206 1537 1286 iuvat
1553 1208 1737 1304 exquirere,
1764 1217 1924 1310 quomodo

260 1331 493 1406 dilectissimus
514 1331 654 1404 anobis
676 1329 772 1402 homo
798 1329 862 1401 sibi
886 1335 1025 1420 constet,
1052 1352 1148 1424 quam
1175 1327 1334 1424 quomodo
1349 1351 1369 1398 a
1382 1351 1418 1399 se
1442 1327 1642 1420 discesserit,
1670 1339 1812 1428 etqnnm
1825 1358 1925 1434 saepe

192 1506 198 1517 ,
258 1454 315 1525 rel
344 1451 477 1525 maximi
505 1450 691 1549 philosophi
721 1448 808 1547 apud
832 1448 1000 1545 imperitos
1024 1448 1060 1519 in
1077 1448 1399 1520 *crimeniucurrere
1422 1448 1551 1519 soleant
1575 1448 1835 1547 inconstantiae,
1870 1456 1925 1554 qui

254 1595 375 1647 eorum
396 1572 500 1644 libros
522 1595 587 1643 non
607 1593 668 1667 per
686 1570 795 1641 iocum
820 1574 855 1640 et
872 1568 980 1640 lusum
1001 1568 1182 1665 inspexerit
1202 1567 1263 1640 sed
1284 1569 1370 1640 serio
1392 1567 1649 1665 perlustraverit,
1683 1570 1713 1644 is
1734 1573 1926 1672 plenumque

255 1691 419 1783 inueniet,
446 1716 504 1763 eos
529 1691 626 1762 aliter
645 1689 775 1785 quidem
790 1688 856 1760 alio
873 1693 1020 1786 tempore
1033 1687 1073 1760 de
1087 1688 1197 1760 multis
1213 1689 1312 1761 rebus
1325 1688 1453 1759 locutos
1467 1710 1554 1778 esse,
1577 1711 1674 1783 quum
1687 1687 1926 1768 discerenurn·

257 1835 362 1909 quarn
375 1810 544 1900 desierint,
569 1808 628 1881 sed
643 1809 678 1880 in
692 1814 761 1880 toto
778 1833 837 1881 suo
856 1808 994 1881 consilio
1007 1810 1139 1906 egregie
1154 1808 1419 1889 sibieonstitisse
1433 1814 1467 1878 et
1480 1806 1618 1879 eundem
1632 1833 1762 1906 semper
1777 1836 1926 1889 servasse

256 1930 433 2004 doctrinae
453 1938 613 2001 tenorem.
665 1929 796 2019 Quanto
817 1952 895 2001 vero
910 1929 1032 2001 rectius
1049 1927 1264 2027 Lycupclites
1279 1927 1320 2000 de
1336 1928 1452 2024 mythis
1469 1935 1503 1999 et
1517 1927 1685 2023 allegoriis
1704 1930 1856 2007 Platonis
1871 1934 1927 2008 iu,

262 2050 395 2143 dicavit,
421 2074 517 2147 qnam
541 2049 595 2144 qui
620 2047 729 2140 hodie,
755 2050 811 2120 ubi
827 2048 1211 2140 dePlatoue'disserunt,
1238 2048 1440 2120 adorirentur
1453 2047 1584 2144 quidem
1598 2048 1832 2125 iucundissime
1848 2055 1926 2147 ista,

261 2194 346 2267 quae
371 2174 499 2267 putant,
520 2167 677 2240 orationis
703 2176 906 2260 ornamenta,
933 2168 993 2240 sed
1013 2171 1120 2241 minus
1146 2175 1303 2241 accurate
1327 2167 1497 2239 attendunt
1513 2167 1556 2238 ad
1570 2169 1781 2263 gravimhum
1794 2173 1928 2248 uberri-

263 2312 400 2384 masque
423 2287 613 2380 sententies,
640 2310 723 2383 quas
744 2285 864 2358 labulis
886 2294 921 2358 et
943 2288 1185 2389 narrationibus
1200 2287 1269 2357 illis
1284 2286 1379 2382 quasi
1395 2285 1575 2382 splendidis
1587 2287 1825 2387 pellucidisque
1840 2291 1928 2365 rasis
2024 2382 2028 2389 .

260 2406 481 2480 continentur.
497 2446 550 2459 —
572 2405 647 2476 Iam
666 2406 766 2499 igitur
787 2405 822 2475 in
844 2406 1003 2499 eligendis
1023 2404 1210 2496 Platonicis
1234 2404 1319 2474 locis
1334 2405 1475 2496 talibus,
1509 2406 1565 2475 ubi
1584 2405 1739 2478 -Plotinus
1763 2433 1830 2480 non
1847 2433 1929 2483 seu·

261 2525 384 2599 tentias
406 2522 503 2596 modo
523 2522 676 2595 Platonis
698 2524 864 2617 explicare
889 2524 1022 2611 studuit,
1054 2522 1090 2592 id
1111 2520 1197 2614 qnod
1219 2522 1339 2614 ubique
1361 2521 1397 2591 in
1418 2522 1512 2594 libris
1531 2523 1599 2594 suis
1624 2523 1716 2616 iacit,
1748 2527 1929 2604 sedetiam

260 2643 308 2716 ad
324 2642 424 2713 rerba
438 2638 608 2710 descendit
622 2637 829 2728 illustranda,
855 2638 949 2707 illurn
967 2659 1139 2730 sequemur
1149 2627 1309 2727 ordinem,
1335 2659 1430 2731 quern
1443 2637 1515 2733 ipse
1531 2638 1627 2716 nobis
1643 2640 1743 2717 Plato
1758 2649 1929 2740 praesori-

257 2762 343 2860 ·psit
384 2758 472 2832 Nam
488 2757 565 2854 quid
578 2757 614 2828 in
625 2756 697 2829 eins
711 2755 919 2853 philosophia
930 2755 1046 2847 maius,
1064 2753 1140 2850 quid
1156 2755 1321 2827 excelsius
1337 2760 1400 2846 est,
1426 2779 1523 2851 quum
1537 2754 1687 2831 doctrina
1701 2760 1761 2833 illa
1777 2763 1817 2839 do
1835 2789 1929 2838 sum·

260 2881 329 2955 mm
351 2879 617 2977 simphcibusque
640 2899 749 2946 rerum
770 2875 969 2967 notionibus,
995 2898 1076 2970 quas
1098 2875 1222 2971 primus
1245 2873 1423 2946 nominavit
1444 2881 1561 2962 ἲδέαςδ
1593 2879 1709 2973 quibus
1730 2881 1869 2957 inuentis
1895 2893 1929 2960 et

263 3007 457 3100 perpetuum
468 2995 634 3069 Herachti
650 3001 771 3066 motum
790 2996 960 3090 quiescere
973 2995 1127 3087 iusserat,
1155 3002 1189 3065 et
1205 2994 1372 3066 immotam
1386 2991 1613 3069 Eleaticorum
1633 3000 1775 3095 quietem
1787 3003 1928 3094 moueri;
1983 3017 1986 3024 '

261 3114 584 3193 firmissimume'uim
596 3114 660 3185 hoc
680 3112 923 3184 fundamentum
938 3123 1054 3184 nactus
1067 3120 1152 3204 erut,
1178 3112 1264 3209 quod
1281 3113 1425 3208 quamuis
1438 3114 1569 3208 singula
1581 3141 1728 3213 quasque
1740 3144 1818 3215 gyro
1835 3122 1930 3218 qumi
2042 3142 2056 3160 ι

262 3243 423 3339 perpetuo
453 3235 675 3330 agitarentur,
708 3232 876 3303 immotum
907 3232 1013 3328 ipsum
1043 3239 1191 3302 maneret
1210 3237 1308 3325 atque
1330 3237 1510 3304 aeteruum.
1560 3233 1619 3308 Ad
1640 3235 1727 3310 hauc
1748 3238 1930 3317 doctrinam

262 3359 388 3450 munia,
413 3352 561 3451 quaeda
582 3353 680 3424 rebus
704 3350 842 3446 singulis
863 3359 953 3422 recte
976 3351 1131 3447 disputat,
1157 3347 1342 3421 revocanda
1366 3357 1453 3442 sunt,
1480 3374 1521 3423 ox
1544 3351 1608 3425 hac
1631 3355 1731 3429 etiam
1752 3357 1814 3432 illa
1828 3385 1930 3458 repa·

264 3477 378 3569 tenda,
395 3475 432 3546 in
446 3473 563 3570 quibus
577 3479 634 3544 aut
646 3495 762 3568 parum
780 3469 843 3542 sibi
859 3470 1047 3542 constitisse
1062 3475 1118 3540 aut
1131 3469 1303 3543 obscurius
1319 3475 1409 3541 certe
1425 3469 1555 3543 locutus
1572 3496 1646 3544 esso
1662 3483 1696 3547 et
1710 3500 1825 3574 puram
1840 3480 1930 3554 veri.

265 3605 368 3673 batem
391 3593 535 3666 nondum
556 3591 747 3688 adspexisse
774 3589 912 3662 videtur.
927 3629 981 3644 -
1004 3589 1111 3681 Quum
1132 3589 1208 3663 aliis
1227 3588 1339 3662 multis
1352 3587 1537 3663 Platonicis
1558 3591 1600 3665 do
1613 3592 1698 3667 ideis
1715 3597 1812 3673 dictis
1829 3601 1930 3674 utitur
2078 3588 2081 3593 ’

264 3716 431 3807 Plotinus,
457 3719 526 3784 turn
550 3734 650 3808 saepe
676 3710 771 3782 affert
792 3717 826 3781 et
851 3708 995 3806 explicat
1017 3709 1191 3782 classicum
1209 3710 1302 3780 illum
1319 3707 1453 3781 Timaei
1468 3708 1590 3804 locum,
1617 3738 1680 3810 quo
1693 3714 1807 3809 Plato,
1832 3728 1930 3815 post-

267 3834 420 3935 quamde
436 3831 563 3929 origine
581 3827 679 3921 coeli,
705 3831 949 3920 elementorum,
976 3827 1132 3924 temporis
1153 3828 1319 3921 disseruit,
1344 3828 1410 3903 iam
1429 3830 1539 3926 pergit
1558 3833 1743 3926 ostendere,
1770 3837 1929 3934 quomodo

263 3955 311 4030 ad
323 3961 468 4026 'aeterua
488 3974 598 4022 rernm
618 3949 820 4045 exemplaria
844 3947 973 4019 diuinae
993 3949 1096 4020 menti
1117 3947 1219 4020 insita
1238 3947 1387 4043 singulas
1410 3947 1446 4018 in
1467 3950 1587 4022 mundo
1611 3974 1666 4026 res
1690 3963 1824 4027 creatas
1850 3957 1928 4029 sint.

263 4072 357 4152 Sunt
370 4071 471 4145 uerba
484 4068 637 4142 Platonis
660 4067 768 4158 (Tim
785 4092 821 4166 p.
834 4067 897 4160 39,
921 4067 957 4162 e)
983 4066 1085 4139 haece
1114 4066 1205 4166 ᾗπερ
1227 4068 1286 4142 οὖν
1308 4079 1386 4155 νοῦς
1407 4071 1549 4159 ἐνούσας
1572 4075 1665 4160 ἰδέας
1686 4085 1736 4171 τῷ
1756 4075 1930 4166 d(contir·
2019 4098 2028 4109 ·

266 4201 337 4269 met
356 4192 443 4265 hane
465 4188 641 4261 lectionem
664 4187 832 4280 Plotinus)
859 4192 913 4281 ἕςο
935 4196 1029 4280 ζῶον,
1054 4185 1184 4263 οἷοίτε
1207 4188 1312 4261 ἔνεισι
1329 4192 1388 4278 καὶ
1403 4189 1494 4272 ὅσοι,
1518 4200 1666 4289 καθορᾷ,
1689 4178 1851 4282 accedeus
1872 4203 1930 4289 καὶ

265 4318 437 4400 τοσαύτας
449 4312 612 4405 διενοήθη
629 4317 700 4385 δεῖν
714 4312 862 4385 ναδαόδο
877 4322 977 4398 σχεῖν.
1008 4302 1189 4401 (Plotinae,
1212 4301 1411 4394 memoriter,
1441 4302 1489 4376 uti
1502 4305 1639 4400 videtur,
1662 4307 1802 4383 afferens
1820 4311 1929 4385 locum

266 4432 352 4505 haec
378 4426 544 4503 substituit
567 4425 686 4497 verba:
713 4433 843 4502 τόδετὸ
860 4426 1060 4520 αᾶνέῇςειν.)
1112 4420 1186 4495 Iam
1211 4421 1342 4518 plenam
1357 4422 1525 4498 Platonici
1551 4427 1641 4498 elhnti
1665 4427 1729 4499 rim
1755 4429 1830 4503 dum
1855 4441 1929 4506 stu·
2071 4487 2073 4491 -

266 4764 279 4794 ,-
301 4728 338 4800 ¹¹)
354 4730 421 4786 Eun.
438 4732 484 4798 IV,
501 4737 528 4798 s,
546 4736 569 4787 1.
587 4734 612 4788 δ.
656 4770 661 4777 .

303 4831 339 4901 ¹¹)
356 4831 424 4888 Eun.
441 4832 492 4899 ur,
508 4839 535 4900 ο,
550 4839 574 4888 a.
