4386 5618
343 363 555 467 Ὗ.
1080 431 1145 506 ‘m

993 530 1235 549 ..η-...ἡ
1319 545 1322 549 .

273 641 419 728 mem
435 662 509 714 esse
527 634 682 712 dinsnttl
697 633 836 710 Minime
850 659 942 730 vero,
968 635 1149 727 sudseribe
1163 637 1230 710 iu:
1261 634 1289 733 ᾦ
1309 645 1363 735 μὴ
1387 638 1510 727 εἶδος
1530 644 1669 739 πάρεςι,
1701 655 1835 721 ταῦτα
1857 645 1946 726 εἶναι

271 769 374 861 ὓλην·
393 802 447 818 ·-·
479 759 630 856 Corpora
642 758 825 850 terrestria,
844 758 945 848 fluxa,
966 757 1106 851 ceduno,
1128 757 1297 832 mutabilia
1313 780 1413 852 saepe
1430 759 1564 853 opponit
1578 760 1771 857 corporibus
1786 765 1945 839 coelesti·
1987 791 1991 797 ·

271 880 334 955 bus
347 880 582 972 subtilioribus,
604 879 803 976 purioribus,
827 900 1002 975 numquam
1022 877 1214 969 interituris,
1241 900 1324 974 qnae
1340 877 1477 951 eundem
1491 887 1647 975 perpetuo
1661 889 1783 955 motum
1796 894 1944 975 serueut3

271 999 332 1072 sed
347 999 539 1073 difficillima
556 1007 632 1072 sunt
645 1001 757 1090 uerba,
784 999 900 1095 quibus
917 997 1033 1070 eadem
1047 998 1210 1070 sententia
1222 997 1320 1090 inest,
1352 996 1454 1069 haece
1491 996 1558 1089 (Π,
1583 1000 1619 1090 l,
1645 1001 1683 1072 8.
1707 1027 1741 1098 p.
1765 1003 1852 1096 192,
1883 1005 1945 1078 le.

272 1121 354 1211 14.)
377 1125 417 1196 οὗ
434 1126 549 1197 τοίννν
567 1122 648 1196 οὐδὲ
665 1132 797 1218 τροφῆς
819 1128 962 1196 δεῖσθαι
982 1126 1111 1216 φατέον
1129 1127 1172 1194 τὰ
1194 1127 1275 1204 ἐκεῖ,
1299 1166 1343 1181 -·-
1371 1119 1450 1194 οἷίτε
1471 1124 1586 1206 αἰτίας
1609 1121 1713 1218 οἷίσιγς
1732 1130 1812 1213 ἐκεῖ,
1835 1129 1878 1201 δι’
1901 1125 1944 1222 ἢν

271 1248 316 1315 τὰ
334 1249 417 1339 τῇδε
432 1246 597 1337 τρέφεται
615 1244 825 1336 συγκρίματα
844 1241 901 1313 αἰεί
917 1245 1056 1337 ῥέοντα·
1078 1242 1141 1335 τήν
1161 1271 1197 1312 τι
1211 1244 1402 1334 μεταβολὴν
1415 1249 1483 1311 τῶν
1493 1247 1577 1336 τῇδε
1589 1244 1755 1331 σωμάτιον
1769 1245 1828 1338 ap?
1851 1246 1945 1319 ice-
2053 1254 2059 1261 ’

273 1370 355 1435 τῶν
372 1364 648 1452 μεταβάλλειν.
696 1345 1947 1452 Cremeruslraeoiteexplicatzetdicendumest,permutationen
2064 1416 2067 1421 =
2112 1430 2116 1445 ‚

274 1499 521 1572 corporum,
548 1474 703 1571 quaebic
724 1483 811 1568 sunt,
847 1477 897 1548 ab
917 1477 1027 1573 ipsis
1050 1473 1268 1573 (exipsorum
1291 1479 1424 1566 natura)
1449 1474 1573 1562 lieri;
1606 1482 1642 1547 at
1665 1475 1731 1549 diei
1753 1501 1819 1552 nou
1840 1479 1949 1575 potnit

274 1600 523 1693 μεταβάλλειῆ
554 1600 724 1693 μεταβολή
754 1620 814 1692 pro
847 1602 995 1694 γίγνεται
1017 1600 1039 1694 ἦ
1061 1631 1109 1689 μ,
1134 1595 1336 1669 notissimum
1368 1619 1446 1666 vero
1479 1593 1613 1666 schema
1643 1606 1695 1668 est
1721 1604 1947 1690 μεταβάλλειν

275 1712 392 1810 (sensu
413 1712 633 1809 intransitiuo)
657 1719 864 1813 μεταβολήν,
892 1724 928 1787 nt
955 1720 1063 1812 μάχην
1083 1722 1268 1809 μάχεσθαι,
1290 1722 1324 1788 et
1349 1715 1449 1804 talia3
1475 1714 1650 1810 legendnm
1675 1715 1774 1810 igitur
1798 1715 1946 1821 videturp

145 1817 153 1821 ¹
205 1899 208 1904 .
274 1843 334 1930 (τὰ
351 1840 575 1932 συγκρίματα)
594 1837 655 1930 τήν
667 1864 705 1908 τε
724 1843 916 1933 μεταβολὴν
928 1847 995 1910 τῶν
1007 1845 1088 1933 apide
1104 1840 1267 1927 σωμάτων
1288 1838 1357 1911 ἀπ’
1382 1838 1518 1911 αὐτῶν
1543 1814 1628 1930 (τῶν
1640 1840 1823 1930 σωμάτων)
1843 1868 1946 1928 prem·

273 1957 435 2047 nuttios.
456 1950 633 2047 ¹'llestigia
656 1951 808 2062 leptiouis
834 1956 943 2028 αὐτῶν
970 1952 1076 2026 latent
1099 1952 1134 2023 in
1158 1953 1302 2029 lectione
1327 1953 1539 2049 plurimorum
1563 1953 1713 2028 codicum
1740 1958 1863 2029 αὑτῶν
1886 1978 1947 2052 pro

276 2074 431 2146 ἑαυτῶν.
481 2070 561 2142 lam'
579 2070 629 2141 ita
651 2070 802 2166 procedit
826 2071 1008 2145 sententiae
1043 2080 1077 2145 et
1101 2073 1282 2169 composita
1309 2073 1366 2170 (dc
1391 2073 1553 2146 uocabulo
1580 2081 1788 2172 συγκρίματα
1811 2071 1854 2144 ol.
1882 2073 1962 2145 aud-2

273 2197 343 2260 not.
380 2187 538 2281 Creoneri
564 2190 606 2260 ad
631 2188 718 2262 lunc
742 2189 865 2280 locum)
897 2190 933 2261 in
956 2189 1020 2262 lroc
1045 2193 1164 2264 mundo
1199 2193 1434 2265 mutatione
1459 2214 1690 2289 corporum
1715 2191 1815 2267 lunius¹
1835 2191 1946 2265 mundi

274 2316 510 2402 mutentur,
546 2334 642 2406 quam
668 2310 718 2381 nb
744 2309 851 2406 ipsis
877 2309 1134 2405 accipiunt-
1166 2309 1348 2383 Gnosticos
1374 2336 1449 2386 cum
1473 2319 1608 2408 propter
1633 2310 1718 2385 elias
1743 2334 1798 2382 res
1824 2311 1946 2385 multus

273 2434 341 2499 tum
364 2437 501 2525 propter
524 2429 588 2501 boc
612 2430 720 2524 carpit
743 2437 779 2500 et
804 2429 957 2523 castigat,
990 2430 1075 2526 quod
1101 2439 1257 2526 perpetuo
1285 2455 1322 2503 se
1347 2438 1383 2503 et
1407 2456 1527 2527 eorpus
1554 2452 1646 2504 sunm
1671 2438 1708 2502 et
1731 2438 1833 2503 totum
1859 2430 1947 2507 bunc

274 2547 427 2631 mnndum
453 2547 562 2616 odisse
588 2554 622 2613 et
645 2547 759 2636 fugere
783 2548 919 2632 iactent,
952 2572 1049 2636 quum
1074 2548 1339 2638 pbilosophorum
1365 2551 1420 2638 sit,
1447 2553 1547 2621 rebus
1572 2547 1743 2622 mundanis
1768 2560 1860 2623 reete
1885 2548 1946 2645 uti,

275 2671 315 2736 et
334 2662 492 2759 alisqui
517 2685 636 2757 comus
661 2659 761 2731 animi
786 2658 1034 2732 instrumentum
1061 2662 1321 2740 essevolnerint
1345 2672 1380 2735 et
1406 2664 1582 2738 artificiose
1608 2669 1862 2761 composuerint,
1887 2669 1944 2764 pio

275 2783 384 2855 animo
409 2790 520 2878 grates
545 2803 659 2876 agere.
709 2777 787 2851 Hoc
811 2777 847 2850 in
872 2801 909 2850 re
936 2778 1127 2851 suavissima
1152 2781 1253 2853 utitur
1276 2783 1540 2879 comparatione3
1572 2783 1653 2855 dicit
1678 2785 1776 2876 enim,
1810 2783 1877 2881 (Π,
1904 2785 1943 2880 9,

278 2904 340 2994 18,
365 2928 400 2999 p.
416 2901 506 2994 395,
534 2901 612 2992 14.)
638 2921 676 2970 se
701 2922 841 2995 suosque
865 2897 914 2970 ite
937 2898 1069 2971 differre
1090 2924 1111 2970 a
1138 2901 1308 2996 gnosticis,
1334 2911 1371 2974 ut
1387 2903 1416 2974 si
1441 2903 1505 2978 duo
1530 2904 1677 2975 homines
1703 2905 1841 2976 eandem
1865 2906 1944 3002 pul·
2026 2925 2029 2929 ·

275 3046 366 3095 cram
391 3022 519 3094 domurn
553 3020 720 3112 habitent,
754 3043 889 3116 quorum
921 3019 1008 3091 alter
1031 3029 1188 3117 perpetuo
1214 3021 1329 3094 domus
1355 3033 1547 3121 apparatum
1571 3028 1669 3120 atq'ue
1693 3031 1861 3096 castorem
1885 3049 1945 3098 re·

195 3182 198 3186 ι
275 3142 467 3238 prehendat,
501 3140 560 3212 sed
585 3140 687 3211 nihilo
713 3138 818 3211 miuus
843 3137 880 3208 in
905 3161 953 3208 ea.
970 3149 1113 3231 maneat,
1146 3141 1231 3211 alter
1256 3167 1429 3238 numquam
1454 3169 1526 3216 eam
1550 3143 1722 3240 vituperet,
1749 3144 1808 3216 sed
1832 3144 1945 3219 laudet

276 3262 380 3352 illum,
413 3260 468 3358 qui
493 3284 567 3332 eom
592 3259 737 3332 inaximo
757 3282 833 3328 cum
858 3264 930 3328 arte
957 3259 1171 3347 exstruxerit3
1200 3259 1325 3332 frustra
1348 3262 1448 3355 igitur.
1472 3264 1639 3357 gnosticos
1665 3287 1702 3338 se
1727 3264 1944 3360 sapientiores

276 3384 352 3454 aliis
375 3389 503 3478 pultare,
529 3379 614 3476 quod
639 3384 796 3476 perpetuo
822 3377 945 3468 dicant,
972 3378 1246 3452 domumlranccc
1271 3380 1434 3475 lapidibus
1451 3390 1573 3456 tautum
1595 3382 1764 3486 lignisque
1778 3392 1941 3496 constare,

277 3512 312 3576 et
335 3503 469 3575 multum
496 3524 516 3571 a
541 3523 617 3570 uero
643 3506 840 3594 aeternoque
865 3496 1031 3569 domicilio
1056 3497 1204 3586 dillerrc3
1228 3507 1295 3570 tum
1320 3500 1427 3572 addit:
1462 3507 1604 3598 ἀγνοῶν,
1637 3509 1692 3581 ὅτι
1722 3517 1779 3600 τῶ
1800 3516 1852 3604 μή
1875 3517 1943 3603 φλ.

278 3652 372 3719 ’ρ’-ειν
392 3631 434 3697 τὰ
456 3605 622 3716 drepente
644 3628 815 3715 διαφέρει,
837 3624 936 3717 εἴπερ
958 3627 1014 3692 καί
1036 3626 1082 3714 μὴ
1106 3634 1304 3695 ποιεῖται
1326 3628 1641 3720 δαοχεραίνειν,
1671 3625 1813 3718 ἀγαπῶν
1833 3630 1942 3726 ἡσυχῆ

277 3752 316 3818 τὰ
340 3745 463 3827 κάλλος
482 3751 549 3814 τῶν
569 3745 686 3813 λίθων.
724 3736 821 3808 llaec
844 3738 942 3808 rerba
961 3735 1146 3808 Creuserns
1163 3735 1210 3809 ita
1224 3737 1476 3833 intorpretatur:
1502 3739 1667 3829 nesciens,
1693 3762 1737 3810 sc
1763 3764 1813 3811 so
1837 3743 1943 3832 (sole)

279 3861 481 3949 dillerre,
517 3858 577 3950 (ab
613 3856 733 3947 altero)
769 3856 875 3952 quod
910 3853 1014 3952 (ipse)
1045 3879 1125 3926 non
1158 3854 1273 3928 leret
1309 3858 1504 3957 (patienter)
1537 3857 1744 3947 necessaria,
1784 3860 1943 3955 siquiden

280 4002 357 4051 noc
383 3978 511 4066 dicit,
540 3975 635 4073 (prae
651 3998 687 4047 sc
704 3974 787 4062 lert3
813 3990 998 4052 ποιεῖσθαι
1023 3975 1109 4046 enirn
1127 4000 1186 4070 pro
1208 3994 1474 4076 περιποιεῖσθαι
1489 3978 1550 4052 lrie
1570 3977 1691 4049 dic-tum
1716 4000 1791 4049 csse
1816 3988 1942 4075 censet,

278 4099 327 4173 ci.
351 4096 470 4192 Vigor.
497 4094 538 4165 de
563 4095 656 4167 idiot.
682 4120 716 4193 p.
737 4095 834 4186 ⁵288,
856 4101 926 4165 not.
954 4095 1017 4166 10.
1044 4094 1096 4175 ed.
1122 4095 1257 4186 Herm.)
1293 4120 1339 4168 se
1365 4097 1546 4174 moleste
1572 4097 1590 4167 l
1595 4121 1712 4188 erre,
1746 4097 1944 4186 (discessum

280 4246 322 4296 er
347 4219 406 4291 illo
433 4213 597 4310 aedilicio)
624 4215 679 4310 qui
703 4215 871 4287 moderate
896 4215 1078 4287 delectetur
1102 4215 1319 4310 pulcritudine
1344 4216 1501 4313 lapidum.
1554 4216 1627 4292 Sed
1650 4224 1728 4289 tunc
1753 4223 1772 4294 ὁ
1800 4223 1943 4316 ἀγαπῶν

280 4341 451 4415 dicendum
477 4342 560 4425 erat,
591 4357 696 4430 neque
723 4351 907 4412 ποιεῖσθαι
932 4358 1006 4407 esse
1031 4342 1159 4431 potest:
1192 4337 1339 4409 uerbis
1364 4361 1463 4433 prae
1489 4361 1534 4419 se
1559 4336 1697 4427 lerre,
1728 4335 1787 4408 sed
1811 4361 1943 4434 semper

281 4460 380 4533 animi
413 4458 554 4554 aliquam
588 4453 859 4526 existimationem
890 4450 1073 4549 signifieal3
1104 4455 1309 4552 potissimum
1340 4480 1429 4529 uero
1452 4459 1578 4549 obstet,
1614 4456 1700 4551 quod
1730 4455 1781 4528 sie
1805 4456 1941 4533 altorio

281 4579 440 4654 enuntiati
469 4574 650 4648 subiectum
681 4572 770 4644 aliud
802 4579 891 4645 esset
916 4597 957 4645 ee
982 4574 1120 4670 prioris,
1156 4577 1299 4671 quamvis
1328 4577 1418 4649 nullo
1450 4580 1548 4649 verbo
1573 4577 1715 4672 scriptor
1737 4575 1942 4669 indicaverit,

282 4724 319 4772 se
346 4700 386 4770 ad
412 4698 500 4770 aliud
527 4695 705 4768 subiectum
731 4693 871 4764 transire
896 4694 997 4781 relle3
1023 4694 1095 4790 ipse
1114 4693 1298 4767 Crcunerus
1315 4704 1372 4767 ant
1395 4711 1551 4773 πονεῖται
1571 4696 1743 4791 legendum
1768 4703 1803 4766 et
1825 4705 1955 4789 cccxc·-

282 4828 411 4923 ραίνειν
436 4826 472 4892 ut
496 4817 660 4914 glossema
686 4813 932 4912 expellendum,
965 4821 1022 4886 ant
1048 4819 1228 4915 εἴπερκαὶ
1242 4825 1289 4914 μὴ
1314 4822 1538 4923 δυσχεραίνοι
1558 4820 1776 4917 moneare
1799 4820 1940 4915 ἀγαπῶν

1685 4934 1708 4995 “t
