4386 5618
1067 408 1122 480 19

259 615 411 693 notiones
433 616 499 689 aira
524 638 617 688 saara
642 620 740 711 atque
765 610 948 685 efficaciam
973 619 1174 687 exserereut.
1187 607 1229 706 ⁶³)
1279 609 1433 686 Plotinae
1457 613 1586 711 quidem
1612 624 1722 713 spreto
1742 616 1925 696 Aristotele
1996 723 2001 732 ⁸

218 821 222 845 Ι
259 735 414 813 Platonis
440 738 547 809 denuo
572 735 740 834 amplexas
767 741 818 806 est
842 733 1037 823 doctrinam,
1061 733 1123 806 sed
1146 733 1207 827 ite,
1233 738 1270 803 ιιι
1292 757 1333 807 ex
1344 733 1537 809 Aristotelis
1561 734 1705 810 lectione
1729 741 1925 836 permultam

258 858 335 932 ern
359 847 542 955 proiecisse
566 862 744 953 appareet;
776 853 862 952 qaod
887 875 961 927 cam
985 852 1054 925 alia
1077 853 1182 926 multa
1205 852 1278 926 eius
1303 852 1402 926 allata
1426 862 1605 949 testantur,
1636 866 1703 930 tum
1728 859 1927 935 luculentis·
2042 902 2050 907 -
2167 866 2170 871 '

258 979 343 1051 sisae
368 977 466 1069 istud,
493 986 557 1074 q‘uo
572 977 670 1061 ultra
695 1000 733 1048 se
756 999 899 1073 sausque
919 975 962 1046 de
979 996 1089 1046 reram
1112 973 1256 1048 omniurn
1278 974 1483 1049 sensrloilinm
1500 978 1641 1049 venitote
1662 981 1832 1076 opiniones
1851 981 1924 1077 ipse

259 1096 305 1171 od
322 1098 497 1183 rectiorem
514 1076 710 1170 senientiam
725 1096 880 1193 progredi
894 1095 1038 1167 videta:
1059 1099 1145 1187 τάχα
1160 1103 1218 1171 καὶ
1226 1103 1262 1170 ἐν
1275 1111 1349 1183 τοῖς
1361 1102 1544 1193 αἰσθητοῖς
1550 1105 1602 1188 ἕςι
1614 1106 1658 1187 τὰ
1670 1101 1823 1190 pisente.
1841 1099 1925 1194 (VI,
1988 1192 1991 1197 Ι

258 1216 299 1309 θ,
309 1217 372 1310 6.)
397 1218 453 1290 Ae
469 1218 618 1314 prolecto
635 1224 672 1289 et
686 1216 828 1289 Platone
843 1223 877 1288 et
888 1213 1072 1289 Aristotele
1087 1213 1211 1287 rectius
1232 1237 1307 1286 ema
1322 1237 1424 1313 saepe
1447 1217 1640 1311 cognouisse
1656 1217 1813 1310 uidemus,
1830 1243 1926 1316 quem

257 1337 302 1410 ad
327 1336 424 1410 finem
452 1339 582 1434 singula
608 1358 755 1434 quaeqae
770 1337 807 1409 in
831 1335 951 1409 mundo
976 1342 1091 1408 create
1113 1333 1231 1408 sintet
1246 1358 1310 1433 qao
1334 1335 1445 1408 omnia
1467 1359 1577 1409 rerum
1603 1337 1838 1411 mandanarum
1861 1363 1927 1436 ge·

255 1478 342 1530 nera
368 1458 515 1549 tendent,
540 1459 589 1530 itu
603 1466 640 1529 nt
662 1458 826 1531 interdum
850 1454 1048 1529 ffldnefiono
1071 1453 1184 1550 alique
1200 1454 1269 1527 ,ἰοιιι
1293 1456 1504 1554 praecepisse
1528 1453 1677 1529 rideatur
1700 1456 1816 1551 multa,
1841 1481 1926 1557 quae

258 1576 301 1650 de
336 1577 444 1649 dana
475 1579 604 1649 ratione
637 1579 807 1649 aniversae
840 1572 952 1647 reram
982 1573 1120 1648 uetares
1148 1574 1249 1647 insita
1282 1574 1511 1649 recentissima
1534 1574 1664 1647 demam
1688 1585 1783 1648 neme
1808 1579 1926 1655 melias

256 1681 435 1768 intellexit.
445 1694 492 1790 ⁸¹)
544 1694 593 1766 Et
616 1695 687 1787 sio,
723 1718 808 1792 qnae
832 1693 932 1767 Plato
967 1694 1009 1766 de
1045 1719 1155 1768 reram
1185 1695 1384 1803 naturalium
1407 1693 1472 1768 fiae
1496 1702 1532 1767 et
1555 1694 1696 1768 consilio
1720 1696 1757 1768 ia
1780 1695 1925 1774 Tinnaeo

210 1888 226 1916 x
257 1814 436 1906 docuerat,
471 1816 686 1910 sagacissime
708 1815 942 1912 interpretatas
959 1822 1031 1905 est,
1046 1810 1089 1908 ⁶⁶)
1112 1814 1272 1911 quamvis,
1301 1837 1388 1911 qaae
1412 1821 1487 1886 erat
1509 1814 1642 1888 illoram
1666 1822 1847 1912 temporam
1869 1817 1927 1891 in·

256 1932 425 2025 doles‚ia
448 1934 585 2030 singulis
610 1943 746 2009 nemeae
771 1934 894 2008 viribus
917 1941 954 2008 et
977 1935 1107 2030 legibue
1128 1934 1325 2031 indagandis
1350 1941 1448 2034 atque
1472 1934 1685 2031 explorandis
1709 1958 1825 2033 param
1845 1935 1928 2009 dili·

257 2060 376 2149 genter
403 2062 552 2125 versatas
586 2062 689 2127 esset.
738 2053 811 2126 Sed
842 2054 949 2127 minas
978 2056 1045 2129 sili
1074 2056 1208 2128 omnino
1237 2054 1274 2127 ia
1304 2061 1375 2127 tota
1405 2054 1469 2127 lac
1493 2054 1633 2129 materie
1657 2062 1806 2145 constat3
1839 2055 1928 2131 hand

255 2194 335 2244 raro
359 2173 447 2243 enim
474 2173 517 2244 ad
540 2173 692 2267 antiquas
715 2172 798 2243 istas
822 2170 1029 2266 Platonicos,
1064 2199 1148 2270 quas
1171 2174 1358 2264 imbiberat,
1389 2164 1563 2271 opiniones
1586 2173 1630 2245 de
1653 2175 1836 2248 animarum
1860 2176 1928 2251 mi·

255 2290 409 2386 maone
434 2290 592 2385 etlapsa
621 2290 723 2362 certia
745 2289 939 2387 quibasdam
963 2293 1110 2385 periodis
1133 2293 1170 2362 in
1195 2292 1307 2360 orbem
1333 2288 1489 2363 redeunte
1512 2293 1664 2390 relapsus
1689 2301 1757 2386 esi,
1791 2302 1829 2365 nt
1850 2296 1927 2367 sin·

259 2408 409 2503 galeam
433 2429 543 2476 rernm
574 2407 735 2497 originem
759 2405 956 2500 explicaret
969 2400 1013 2494 ⁵⁸)
1040 2443 1092 2458 -
1132 2406 1337 2479 Notissimae
1359 2414 1438 2479 sant
1462 2409 1595 2480 labalae
1619 2411 1698 2482 illae
1722 2413 1764 2484 de
1787 2413 1928 2490 daemo-

257 2526 354 2597 nibus
379 2523 521 2595 mediam
544 2522 632 2592 inter
657 2522 787 2592 deeset
811 2522 959 2592 homines
984 2520 1092 2591 locam
1117 2524 1314 2612 tenentibus,
1341 2547 1426 2620 qaae
1449 2524 1526 2596 inde
1542 2527 1586 2599 al
1610 2525 1761 2602 Hesiodo
1786 2535 1927 2609 maxime

257 2644 295 2715 in
315 2639 464 2715 Graecia
480 2640 640 2733 uolgatae
664 2636 813 2723 inerant3
838 2635 937 2707 etiem
961 2634 1023 2706 aas
1046 2635 1189 2706 fabellas
1214 2648 1388 2734 receperat
1409 2640 1522 2731 Plato,
1547 2650 1583 2712 et
1607 2646 1780 2743 unicnique
1803 2651 1929 2729 homini

164 2776 170 2793 ·
259 2785 354 2834 suam
386 2760 582 2833 audiuerat
614 2755 828 2848 daemonem,
843 2747 886 2848 ⁶¹)
920 2775 986 2852 que
1016 2751 1160 2920 imagine
1193 2753 1279 2826 vitoe
1309 2763 1433 2828 sonem
1458 2782 1502 2829 ao
1534 2760 1754 2836 conditionem
1785 2768 1927 2865 singulis

362 2997 484 3050 stoteiem
499 2994 576 3048 adire
592 2993 679 3057 sellae,
705 2942 861 3058 intelligent,
884 3005 944 3043 enan
961 2989 1081 3045 Platonis
1097 2991 1167 3045 istud
1182 2991 1218 3044 de
1234 2993 1301 3049 ideis
1316 2996 1438 3062 aenigma
1454 3012 1516 3067 sere
1533 3000 1658 3064 solvisse,
1683 3016 1762 3069 qaum
1777 3005 1926 3086 ιιιιιιιιιοι

361 3081 422 3135 nihii
441 3096 500 3133 esse
517 3079 604 3155 ideas
616 3078 665 3129 nisi
679 3077 733 3129 sint
751 3075 882 3139 efficaces,
900 3074 948 3140 (ἐν
962 3073 1103 3145 ἐνεργείᾳ)
1122 3075 1263 3131 efficaciam
1281 3093 1345 3131 nero
1364 3095 1451 3133 earnm
1470 3083 1539 3136 cerni
1556 3085 1582 3136 in
1599 3085 1677 3138 rebar
1692 3086 1801 3155 singula
1817 3091 1855 3144 ita
1870 3091 1928 3147 ior·

362 3164 473 3228 mandis,
499 3169 528 3215 at
545 3162 579 3214 ad
596 3176 722 3213 summurn
739 3161 815 3214 fineen
832 3160 874 3211 aei
892 3157 925 3209 ad
942 3159 1038 3212 bonam
1055 3159 1216 3216 efficiendam
1235 3163 1321 3215 omnia
1336 3163 1363 3216 ia
1381 3165 1410 3216 iis
1425 3166 1583 3234 conspirent.

312 3262 351 3333 “’)
369 3265 509 3319 abundant
527 3265 579 3317 duo
595 3265 754 3333 potissimam
773 3261 829 3313 trieri
847 3260 943 3312 Plotini
966 3259 1073 3325 (1118,
1098 3260 1143 3325 Vl,
1162 3266 1201 3327 1.)
1218 3264 1303 3315 aureis
1318 3278 1382 3317 sere
1396 3265 1473 3318 dictis
1489 3266 1525 3323 de
1541 3277 1649 3323 naturae
1665 3273 1783 3336 consilto,
1799 3291 1869 3342 qaas
1885 3277 1928 3330 ta·

366 3352 437 3407 mine
454 3366 503 3405 sao
527 3349 685 3402 reconditam
701 3346 778 3402 nobis
794 3346 905 3399 diuinam
922 3345 1075 3412 sapientiam
1092 3348 1194 3416 aperite
1211 3347 1335 3402 ridentur.
1370 3349 1515 3417 Numquid
1532 3369 1653 3422 ansqnam
1669 3357 1814 3413 denatura
1831 3365 1927 3418 recum

364 3435 462 3489 dictam
478 3441 532 3500 est,
550 3451 629 3501 quam
646 3433 728 3487 iatnde
746 3426 837 3485 πάντα
855 3435 982 3503 θεωρίας
1004 3430 1121 3500 icterus,
1146 3431 1400 3503 intepescere.)
1416 3435 1471 3488 sele
1497 3433 1527 3490 ιὸ
1548 3433 1620 3492 εἶναι
1639 3438 1709 3517 αὐτῇ
1732 3444 1782 3519 (τῇ
1793 3443 1927 3516 piceae

364 3518 450 3584 ἐςι
425 3540 454 3574 ιο
478 3525 570 3573 ποιεῖν
592 3520 662 3585 ἐςιν,
688 3519 756 3585 (ib.
753 3534 778 3570 e.
796 3516 834 3582 2)
851 3515 906 3568 vele
932 3510 1022 3569 πάντα
1043 3512 1076 3568 ari
1093 3514 1255 3588 ἐγνωσμένα
1273 3521 1310 3578 εις
1326 3517 1531 3589 marmarides,
1557 3524 1604 3588 (ib.
1621 3541 1645 3577 t.
1663 3531 1701 3592 1·)
1717 3534 1771 3581 tam
1789 3531 1823 3583 de
1839 3540 1928 3588 arenis

201 3676 204 3685 ἢ
363 3605 448 3660 divina
465 3607 584 3672 abique
577 3620 601 3656 ιιι
620 3605 696 3656 rebus
712 3603 865 3669 couspIcuae
891 3597 923 3653 oi
917 3618 946 3664 -ε
968 3588 985 3673 ᾖ
1008 3598 1176 3668 serpe-seri
1204 3606 1278 3671 νοῦς,
1296 3600 1377 3681 ταύτῃ
1399 3600 1486 3661 πάλιν
1499 3596 1538 3663 αὖ
1552 3610 1588 3680 τῷ
1602 3605 1736 3686 circipene
1750 3615 1797 3683 τῆς
1817 3614 1927 3686 cpiam

254 3689 258 3695 ’
363 3685 507 3757 ἀνακύψαι
524 3692 571 3743 καὶ
590 3686 680 3762 ciceia
693 3687 724 3740 ἐν
738 3683 811 3757 αὐτῷ
827 3704 875 3739 τοο
862 3686 1063 3747 ἐλλείποντος
1078 3692 1209 3756 κειμένην
1222 3691 1306 3743 ἴασιν.

307 3791 342 3862 “)
359 3793 405 3848 Uti
419 3792 506 3856 Plato,
524 3790 563 3844 sic
576 3790 694 3842 Plotinae
711 3805 764 3843 non
781 3788 808 3841 id
826 3794 925 3841 tantum
943 3789 1052 3854 qaaerit,
1069 3804 1146 3854 quem
1159 3789 1195 3842 nd
1211 3790 1287 3844 tinem
1301 3789 1401 3857 singula
1413 3790 1440 3843 iu
1456 3798 1549 3851 natura
1564 3794 1681 3848 institute
1696 3797 1757 3862 sint,
1773 3803 1863 3864 (qaam
1876 3817 1926 3856 nos

364 3878 472 3931 dicimus
491 3873 672 3940 teleologicarn
690 3881 798 3926 natmae
814 3874 1001 3939 cognitionem)
1025 3873 1071 3925 sed
1089 3874 1174 3925 omnia
1190 3873 1225 3927 ad
1242 3874 1343 3927 divinae
1360 3877 1452 3948 mentis
1476 3879 1669 3932 similitudinem
1686 3895 1812 3935 revocare
1828 3885 1924 3939 studet.

363 3963 394 4016 lu
412 3964 518 4029 singulis
536 3976 597 4013 vero
616 3957 771 4026 explicandis
786 3959 940 4025 saepissime
956 3964 984 4009 et
1001 3959 1094 4025 recipit
1107 3959 1225 4012 Platonis
1241 3959 1350 4013 dictaei
1367 3961 1475 4030 amplius
1490 3978 1524 4016 ae
1541 3965 1634 4015 clauus
1650 3965 1787 4032 proponite
1804 3969 1842 4019 aie
1854 3968 1923 4024 Tim
1983 3966 1988 3972 “

363 4062 388 4114 p.
406 4050 450 4110 16,
473 4047 515 4097 abi
534 4046 567 4098 de
584 4044 703 4111 anguium
721 4056 770 4093 asa
787 4040 865 4095 Plato
882 4041 1011 4105 disseruit,
1038 4043 1172 4109 respicitur
1190 4043 1234 4106 vi,
1251 4047 1277 4106 1,
1295 4048 1320 4096 9.
1342 4049 1380 4097 ιι).
1399 4061 1450 4111 qao
1466 4047 1527 4099 ioco
1543 4049 1674 4114 anguinae,
1697 4065 1832 4117 cornuum,
1857 4052 1924 4109 dea-

363 4129 426 4184 tiam
444 4132 518 4197 origo
535 4131 703 4197 sagacissime
719 4142 751 4181 ex
769 4127 905 4180 deficiente
922 4126 945 4178 vi
963 4127 1042 4191 vitali,
1059 4141 1128 4192 qaae
1144 4144 1197 4182 non
1213 4143 1295 4193 usque
1310 4127 1345 4182 ad
1362 4136 1493 4183 extremes
1509 4131 1624 4185 animalis
1640 4142 1730 4201 partes
1746 4138 1858 4191 transire
1874 4155 1925 4207 po·

364 4214 449 4279 ιιιιιὶι,
475 4217 629 4283 explicatam
652 4216 698 4279 sic,
716 4228 784 4280 qaae
801 4210 913 4282 Timp.
931 4215 974 4264 11.
993 4211 1027 4265 de
1044 4213 1096 4265 rita
1113 4213 1190 4266 etiem
1207 4213 1301 4283 pluuiis
1317 4214 1394 4268 insita
1412 4215 1540 4282 dicantar,
1558 4216 1679 4273 Plotinae
1695 4220 1802 4337 exponit
1818 4229 1846 4276 et
1861 4238 1924 4294 per·

362 4298 586 4367 sequituer,'{‚
603 4304 645 4351 11.

308 4400 343 4470 ⁸⁰)
359 4401 435 4454 Talia
454 4402 479 4453 ia
499 4400 616 4452 omnibns
634 4401 689 4452 eius
705 4399 778 4451 libris
794 4397 890 4467 passim
906 4392 1040 4464 legantur,
1063 4400 1204 4467 praecipue
1219 4416 1318 4455 auuse
1301 4401 1367 4456 libas
1388 4402 1433 4468 Ν,
1450 4403 1492 4470 1)
1512 4403 1540 4458 in
1556 4402 1607 4456 boe
1622 4412 1777 4472 argumento
1792 4416 1927 4481 versatae·
1994 4380 1997 4387 ¹

364 4487 410 4541 sed
429 4494 528 4539 tantam
549 4485 633 4547 abest,
649 4490 678 4535 ιιι
696 4484 814 4545 ΡΙοῦοιιι
831 4484 965 4550 problema
985 4484 1009 4535 in
1028 4485 1102 4537 titulo
1119 4486 1185 4538 lilius
1203 4487 1319 4554 opusculi
1337 4489 1417 4562 (napi
1442 4491 1491 4542 τοῦ
1510 4491 1535 4543 et
1549 4493 1598 4542 και
1612 4493 1668 4543 τῶν
1682 4490 1744 4544 καθ’
1758 4489 1848 4560 iacgr}
1863 4496 1925 4562 ἐςιμ

269 4572 275 4581 ’
366 4574 436 4639 ‘idel
464 4574 624 4638 emito*itum
645 4568 762 4631 301101ίέ
787 4575 817 4629 iit
838 4568 917 4621 etiam
938 4583 1020 4623 noras
1046 4570 1070 4622 ei
1094 4570 1215 4624 tenebras
1233 4573 1370 4639 effuderin
1392 4589 1451 4627 nam
1468 4581 1498 4626 ut
1514 4573 1657 4628 tabulatum
1672 4586 1802 4646 uenator,
1825 4597 1878 4637 non
1895 4591 1924 4639 pt

365 4656 531 4725 philosophas
550 4657 583 4707 ibi
601 4655 723 4719 loquitar

250 4770 257 4781 .
309 4753 348 4826 es)
363 4755 431 4826 κιρ,
450 4756 484 4821 Χ,
500 4761 560 4811 611.
580 4749 969 4828 οὗχὺμᾶςδαζιιωνιήξειοι,
994 4751 1292 4831 ἀλλὀμιῖςδαίμονα,
1315 4775 1393 4826 quen
1409 4759 1629 4816 romaricanus
1646 4765 1752 4834 egregia
1768 4767 1924 4839 interpam.

365 4847 408 4896 ιιι
423 4843 449 4897 ιι
466 4844 532 4898 libro
548 4846 615 4918 περὶ
630 4860 678 4897 soe
666 4836 856 4913 'diuisos
841 4843 914 4913 ημᾶς
929 4843 1073 4912 desiperes,
1090 4841 1137 4908 lv,
1152 4845 1179 4896 ι.
1631 4915 1691 4982 μ
