4386 5618
1067 474 1118 551 25

257 711 405 792 pugnare
430 710 537 776 ¹ausus
573 693 641 780 est,
677 705 873 783 quamquam
904 686 1142 780 argumentatio
1174 685 1244 758 eins
1278 689 1377 783 saepe
1407 684 1648 785 Peripateticos
1679 689 1785 787 magis
1816 694 1924 793 tangit
2048 744 2052 753 ·

256 836 354 910 quam
377 811 486 909 ipsum
511 809 644 882 scholae
667 806 763 878 lunius
790 810 967 896 auctorem,
995 830 1089 902 quem
1115 807 1145 878 si
1169 807 1275 879 rninus
1299 807 1483 900 Platonicis
1509 810 1613 881 oculis
1636 810 1785 906 legisset,
1820 816 1923 889 inulta

257 928 400 1004 formem
426 932 467 1003 ab
494 952 534 1002 eo
560 929 650 1000 dieta
672 927 796 1000 rectius
829 925 1138 998 intellexisset-
1178 926 1378 999 Aristotcles
1409 927 1445 998 in
1471 935 1539 998 tota
1566 952 1626 1000 sna
1655 930 1861 1029 pbilosopbia
1886 936 1922 1008 id
1972 1018 1976 1027 ¹

255 1050 459 1149 potissimum
485 1049 572 1146 egit,
606 1055 643 1120 ut
667 1048 772 1146 ipsam
799 1046 1039 1142 cogitationem.
1057 1047 1157 1120 certis
1181 1047 1310 1143 legibus
1335 1054 1369 1118 et
1392 1047 1551 1118 limitibus
1581 1048 1864 1126 circumscriberet
1889 1063 1923 1128 et

256 1169 425 1244 uniuersas
449 1169 535 1247 illas
550 1193 660 1253 rerum
684 1169 848 1260 notiones,
884 1166 1002 1263 quibn's
1026 1167 1208 1262 cogitantes
1235 1167 1330 1264 qnasi
1353 1167 1473 1239 inclusi
1497 1173 1658 1260 tenemur,
1688 1174 1922 1269 pu1·as,lixas,
2036 1205 2048 1222 ’

256 1290 344 1365 omni
368 1314 504 1364 numere
530 1288 698 1362 absolutas
724 1293 922 1386 proponeret
947 1293 1043 1382 atque
1070 1288 1315 1360 accuratissime
1342 1287 1537 1380 enuntiaret,
1562 1294 1643 1380 tum,
1668 1291 1925 1367 ntdemonstra·

255 1417 320 1503 rei,
345 1410 476 1507 singula
502 1434 648 1507 quaeque
675 1434 716 1482 ex
730 1408 783 1482 luis
808 1407 967 1481 uniuersis
992 1407 1179 1480 notionibus
1204 1432 1290 1480 nexa
1316 1432 1389 1480 esse
1415 1431 1488 1479 eum
1509 1407 1614 1502 iisque
1629 1409 1814 1483 admirabili
1827 1416 1923 1488 rrrodo

257 1553 452 1627 mugrnerc.
504 1528 684 1625 Sictotum
710 1530 869 1603 scientiae
894 1529 1056 1600 buruanae
1081 1552 1230 1626 campum
1256 1552 1406 1601 emensus
1431 1526 1562 1598 tandem
1578 1534 1612 1598 et
1634 1528 1706 1624 ipse
1731 1532 1774 1602 od
1799 1537 1925 1608 rectio-

256 1673 328 1729 rem
354 1649 497 1746 aliquam
523 1650 576 1745 dei
602 1637 821 1745 cognitionem
845 1649 1010 1746 pervenit,
1044 1648 1103 1721 sed
1136 1648 1411 1745 qnnm'lsomines
1444 1653 1535 1718 recte
1560 1669 1627 1716 non
1650 1671 1755 1743 posse·
1774 1651 1925 1748 pbiloso-

257 1767 356 1865 pbari
378 1746 687 1864 cognovisset-'nisi
712 1793 767 1840 res
793 1769 941 1863 singulae
968 1768 1150 1841 certissime
1176 1775 1287 1841 essent
1312 1766 1464 1839 delinitae
1493 1773 1590 1861 atque
1610 1767 1658 1837 ad·
1677 1769 1845 1857 uniuersas
1869 1773 1926 1845 le·

258 1909 319 1982 ges
345 1909 385 1959 ac
409 1888 555 1960 rationes
579 1895 765 1980 revocatae,
791 1888 1015 1960 aPlatonieis
1040 1888 1213 1961 incusatus
1235 1894 1286 1960 cst
1311 1910 1424 1983 saepe,
1451 1888 1573 1982 (neque
1598 1910 1685 1958 nnnc
1710 1888 1776 1960 ista
1796 1894 1927 1989 'oppro-

259 2005 334 2079 bria
357 2030 492 2103 prorsus
507 2030 549 2079 ex
574 2006 740 2081 bominum
764 2008 922 2082 memoria
946 2013 1158 2102 evanuerunt)
1185 2008 1271 2105 qnod
1287 2032 1308 2079 a
1323 2007 1439 2077 divinis
1458 2012 1555 2101 etque
1572 2006 1714 2078 aeternis
1739 2010 1837 2082 rebus
1865 2036 1927 2084 eo·
1998 2046 2002 2051 ·

242 2124 451 2221 gitatloncm
475 2114 602 2228 adea,
635 2151 719 2221 qnae
752 2127 903 2199 sensibus
930 2128 1144 2221 obiiciantur,
1174 2125 1405 2223 cognoscenda
1426 2124 1521 2221 quasi
1547 2125 1763 2222 depresserit3
1797 2130 1927 2202 seilicet
1975 2136 1979 2148 '

258 2244 446 2341 peremisti
466 2259 627 2317 marmores
651 2243 795 2333 inerunt,
821 2245 923 2314 multo
947 2247 1112 2317 excelsius
1136 2247 1200 2316 boc
1226 2269 1300 2315 esse
1325 2242 1576 2340 philosophandi
1600 2268 1716 2339 genus,
1743 2247 1772 2317 si
1788 2249 1860 2344 quis
1873 2273 1928 2321 res

260 2362 434 2435 sensibiles
467 2369 564 2456 atquc
599 2369 751 2460 externas
783 2383 859 2429 rere
891 2384 1092 2452 cognoscere
1118 2371 1152 2429 et
1175 2363 1212 2429 in
1235 2362 1277 2429 iis
1304 2369 1472 2431 aeternam
1505 2369 1772 2460 constantemque
1798 2368 1928 2442 diuinae

259 2480 397 2554 rationis
427 2479 536 2574 legem
566 2478 712 2575 reperire
745 2476 893 2568 studeat,
930 2500 1027 2570 quem
1059 2475 1160 2565 illud,
1196 2476 1283 2569 qnod
1307 2478 1405 2548 rebus
1431 2478 1570 2571 singulis
1596 2483 1715 2575 spretis
1741 2493 1838 2582 atquc
1865 2490 1929 2561 ab·

261 2599 359 2670 iectis
384 2598 419 2666 in
451 2596 556 2686 ideis,
591 2618 674 2690 qnae
709 2593 881 2680 dicuntur,
915 2597 1133 2661 commoratur
1159 2597 1214 2677 et,
1248 2588 1324 2658 dum
1358 2590 1510 2661 notiones
1542 2595 1710 2670 universas
1737 2615 1930 2701 aucupatur,

262 2718 382 2789 nubem
413 2730 513 2810 saepe
538 2735 716 2808 vanamque
742 2710 886 2807 speciem
911 2733 970 2805 pro
995 2705 1122 2779 Iunone
1148 2704 1367 2802 amplectitur.
1418 2705 1493 2779 Ism
1519 2735 1615 2805 quum
1640 2716 1778 2811 primum
1793 2723 1933 2797 Aristo.

265 2837 343 2910 telis
368 2833 511 2909 officinm
538 2839 637 2925 esset,
663 2839 699 2903 ut
723 2830 789 2928 ipsi
814 2826 1006 2925 cogitationi
1031 2795 1153 2899 llrrmes
1179 2849 1220 2897 ae
1244 2825 1391 2899 rationes
1414 2830 1666 2926 praescriberet,
1693 2835 1802 2932 logica
1827 2842 1933 2925 disci..

265 2956 369 3054 plina,
396 2979 479 3052 quae
498 2954 545 3029 in,
558 2951 748 3047 categoriis,
774 2948 1027 3038 definitionibus,
1053 2945 1254 3038 inductione,
1278 2945 1476 3041 syllogismis
1500 2959 1661 3047 uersatur,
1686 2955 1932 3037 fundamentum

266 3099 348 3149 eane
374 3073 516 3160 universi
541 3072 711 3149 doctrinae
736 3070 806 3143 eius
823 3067 965 3141 aedilicii
988 3066 1062 3159 fnit,
1089 3066 1149 3139 sed
1164 3090 1233 3138 non
1247 3065 1416 3160 fastigium
1441 3074 1476 3139 et
1500 3069 1649 3163 eulmen3
1675 3077 1816 3172 quodsi
1841 3107 1933 3155 sern-

266 3219 329 3293 per
353 3195 395 3266 ab
422 3193 587 3285 omnibus,
623 3191 680 3288 qui
704 3191 745 3264 de
769 3188 953 3261 Aristotele
979 3186 1222 3278 dissernemnt,
1255 3184 1460 3258 intellectum
1488 3197 1595 3283 essct,
1630 3202 1687 3265 ant
1712 3200 1842 3273 omnino
1866 3226 1934 3275 non

269 3314 522 3412 disputavissent
555 3319 671 3383 eontra
704 3333 799 3401 cum,
826 3315 883 3380 aut
907 3307 974 3379 alie
1000 3313 1091 3378 certe
1117 3304 1212 3377 modo
1239 3304 1271 3376 ei
1296 3305 1442 3379 oblocuti
1467 3316 1597 3398 essenty
1630 3336 1705 3384 nam
1733 3317 1934 3394 delinitioni-

268 3437 330 3507 bus
355 3442 389 3506 et
414 3430 610 3528 syllogismis
634 3454 701 3502 non
725 3427 835 3501 omnia
859 3427 895 3498 in
918 3424 1126 3526 pbilosopbia
1149 3423 1276 3521 perfici,
1308 3425 1368 3497 sed
1392 3425 1458 3497 ista
1481 3427 1664 3502 rudimenta
1689 3440 1814 3510 tantum
1839 3442 1935 3539 cogi.
2076 3458 2088 3474 κ

270 3553 404 3643 tationis
430 3559 464 3624 et
488 3552 595 3650 prima
617 3549 771 3622 tirocinia
795 3571 891 3640 essa,
926 3547 998 3643 quis
1023 3545 1096 3642 ipse
1122 3544 1304 3618 Aristotele
1330 3545 1448 3617 melius
1481 3550 1645 3643 cognovit,
1671 3577 1768 3649 quem
1791 3557 1964 3655 ridemus·

236 3675 242 3683 ’
269 3674 305 3747 in
329 3672 571 3770 metaphysicis,
598 3692 681 3766 quae
706 3674 883 3759 uocantur,
909 3666 950 3739 de
976 3665 1121 3738 summis·
1135 3666 1234 3737 rebns
1260 3664 1534 3762 disputationibus
1558 3670 1634 3743 sine
1658 3673 1863 3752 adminiculis
1888 3681 1937 3753 il·

142 3847 148 3857 ,
270 3792 314 3879 lis
347 3792 483 3864 miniter
508 3789 662 3867 incedere
695 3794 729 3859 et
754 3787 924 3860 ueritatem
954 3811 1022 3859 non
1046 3785 1195 3858 formulis
1222 3784 1415 3880 quibusdam
1439 3787 1606 3861 nodonnm
1633 3791 1692 3864 sed
1717 3792 1798 3889 ipsis
1823 3799 1936 3871 notio·

270 3911 368 3994 nibus
392 3909 595 4006 explicandis
619 3904 805 4002 indagare?
821 3946 873 3961 -
889 3903 1097 3980 Gravissima
1121 3913 1155 3978 et
1178 3903 1345 3977 uberrima
1369 3905 1430 3977 illa
1454 3914 1506 3979 est
1531 3906 1659 3981 Plotini
1684 3910 1875 4010 disputatio,
1901 3919 1938 3991 iu

271 4054 337 4128 qua
362 4029 547 4124 categorias
573 4036 607 4101 et
631 4026 929 4125 Peripateticorum
965 4026 1006 4096 ab
1032 4024 1216 4097 Aristotele
1241 4023 1366 4120 pesitus
1391 4030 1426 4096 et
1451 4022 1641 4100 Stoicorum
1674 4055 1734 4129 por
1759 4042 1828 4107 tres
1853 4061 1939 4110 con·

271 4151 380 4224 tinuos
401 4148 505 4221 libros
539 4146 629 4241 (VI,
658 4147 803 4240 1-3.)
839 4147 899 4219 sub
926 4169 1097 4218 censuram
1123 4151 1219 4216 uocat
1244 4152 1278 4215 et
1303 4143 1529 4240 sagacissime,
1559 4148 1636 4244 quid
1661 4151 1696 4221 in
1722 4154 1762 4226 iis
1789 4156 1858 4228 veri
1883 4158 1939 4253 sit,

273 4271 350 4369 quid
374 4269 464 4362 lalsi,
491 4268 668 4340 examinat.
706 4265 907 4339 Aristoteles
933 4265 1062 4361 quidem
1087 4264 1158 4360 ipsc
1184 4265 1361 4358 categoriis
1387 4264 1456 4335 suis
1482 4289 1547 4336 non
1574 4292 1701 4342 ornnem
1728 4297 1836 4346 rernm
1862 4280 1941 4351 uni·

272 4391 459 4464 vermmtem
483 4387 579 4486 quasi
603 4385 771 4458 includere
796 4385 962 4476 uoluerat,
997 4382 1056 4454 sed
1081 4382 1116 4453 id
1141 4388 1265 4454 tantum
1291 4382 1484 4476 ostendere,
1512 4388 1673 4481 quomodo
1701 4395 1800 4465 uerba
1826 4404 1861 4468 et
1885 4398 1943 4471 di·

273 4512 400 4583 stiones
426 4535 499 4582 cnm
525 4505 709 4579 notionibus
736 4503 957 4596 convenirent,
985 4510 1018 4574 ct
1043 4503 1278 4598 grammaticae
1305 4502 1436 4600 aliquod
1456 4503 1700 4581 lmrdamentum
1726 4510 1849 4609 iacere,
1875 4542 1942 4591 non

275 4653 539 4743 surrrma‘rcrnm
571 4649 693 4723 genera
726 4644 925 4720 proponere,
945 4617 987 4720 l²)
1022 4645 1127 4719 neque
1159 4621 1193 4691 id
1225 4622 1394 4717 peccarit,
1427 4623 1512 4721 quod
1544 4636 1725 4704 sectatores
1750 4633 1848 4734 gains,
1889 4638 1949 4742 lli,

325 4932 359 5003 ⁸²)
376 4933 417 4988 lte
433 4931 688 5001 Trendelenburgius
707 4945 819 4999 queque,
845 4945 897 4997 que
915 4945 993 4986 nemo
1010 4929 1105 4985 rectius
1122 4928 1156 4984 de
1173 4929 1318 4983 Aristotelis
1336 4928 1475 4996 categoriis
1493 4929 1643 5001 disputarit,
1666 4935 1762 4991 iudicat
1777 4939 1803 4994 tn
1820 4938 1947 4997 amem.

895 5108 926 5127 ..
1688 5025 1710 5086 s

881 5152 959 5283 A·
