4386 5618
1027 444 1171 519 „1

929 546 1174 560 Μαι-

139 646 146 657 ’
217 654 365 747 tentiam,
390 654 467 753 quia
491 651 672 752 perfectior
696 656 786 724 esset
809 657 929 741 motus,
955 650 1011 747 qui
1035 675 1100 721 non
1121 650 1262 721 baberet
1285 647 1381 720 linem
1406 647 1470 722 nisi
1495 649 1675 748 seipsum,
1702 676 1799 750 quam
1824 653 1892 752 qai

221 785 388 851 externam
423 775 564 872 aliquam
597 796 668 845 rem
692 795 752 844 seu
784 769 921 851 efficere,
949 793 1010 841 seu
1045 769 1178 842 allicere
1210 769 1321 867 aliquo
1355 769 1450 841 modo
1475 753 1592 861 vellet3
1623 774 1742 869 agendi
1773 784 1883 848 autern

167 946 169 950 >
216 895 426 994 patiendique
450 896 600 968 notiones
625 915 702 966 rere
726 915 794 964 non
819 914 894 964 esso
919 890 1065 963 diversas
1089 890 1184 982 dixit,
1210 889 1269 962 sed
1294 890 1473 988 oppositos>
1487 876 1612 963 tantum
1636 894 1781 967 eiusdem
1806 921 1884 969 mo·

216 1024 270 1088 tus
293 1014 394 1107 fines,
427 1016 636 1112 quamobrem
667 1035 773 1110 noque
797 1011 937 1109 passivis
971 1012 1132 1084 disemum
1157 1009 1290 1108 aliquod
1320 1012 1490 1083 verborum
1516 1035 1620 1107 genus
1652 1015 1883 1112 assignandum

218 1158 306 1226 osse,
341 1158 438 1232 quum
462 1141 620 1233 perpetuo
644 1135 754 1206 uerbis
779 1132 894 1205 activis
918 1132 1063 1205 relatiuis
1088 1132 1315 1223 adhaererent,
1346 1155 1451 1229 neque
1474 1131 1582 1230 ipsam
1605 1156 1720 1230 puram
1746 1136 1887 1210 aebosia

218 1255 401 1349 notionem,
435 1279 519 1351 quae
542 1261 578 1327 et
599 1252 767 1325 infinitivis
791 1260 826 1324 at
858 1253 1042 1324 nominibus
1072 1252 1258 1325 verbalibus
1290 1250 1509 1344 indicaretur,
1544 1253 1720 1327 discrimen
1753 1256 1892 1353 aliquod-

218 1374 467 1471 significationis
492 1376 618 1447 activae
643 1381 678 1446 et
699 1374 851 1471 passivae
875 1372 1063 1445 ostendere.
1077 1366 1131 1465 ¹⁸⁵)
1182 1373 1336 1446 Alterum
1360 1396 1438 1445 uero
1463 1373 1634 1446 uerborum
1664 1399 1788 1471 genus,
1821 1400 1886 1474 qno

219 1495 307 1567 actio
331 1494 481 1592 perfecta
503 1495 722 1588 indicaretur,
756 1500 792 1566 et
815 1493 922 1590 ipsum
947 1491 1068 1589 duplex
1093 1515 1169 1565 esse
1190 1491 1312 1580 sensit,
1325 1485 1382 1586 ι“)
1411 1515 1489 1563 nam
1521 1492 1664 1585 rideret,
1698 1496 1766 1568 alia
1790 1497 1887 1572 buius
1936 1520 1939 1527 ·

220 1615 353 1710 generis
383 1617 485 1688 verba
516 1609 816 1712 energeticam
847 1602 954 1709 magis
986 1610 1038 1711 (ut
1069 1637 1144 1685 cum
1171 1611 1378 1686 Graecorum
1407 1613 1631 1709 grammaticis
1654 1614 1790 1712 loquar)
1823 1618 1889 1691 ιίιιι

221 1757 367 1826 servare,
380 1730 433 1829 ¹⁸¹)
468 1734 547 1828 alia,
579 1736 771 1833 plemmqne
795 1735 837 1806 ab
864 1732 1034 1806 adiectiris
1059 1733 1222 1825 derivata,
1255 1731 1424 1830 qualitatis
1447 1732 1612 1805 notionem
1635 1736 1784 1834 proximo
1809 1746 1889 1810 tan·

101 1870 104 1874 ·
220 1875 300 1949 gere
326 1860 361 1926 et
384 1850 601 1952 conditionem
627 1856 770 1953 aliquam
788 1854 841 1928 rel
863 1860 986 1927 statum
1010 1853 1114 1926 rideri
1136 1853 1304 1943 indicare3
1326 1853 1412 1925 bono
1436 1874 1515 1945 uero
1537 1864 1764 1951 perspexerat,
1787 1858 1889 1932 etiam

146 2066 149 2071 Ι
221 1973 273 2047 bis
298 1975 407 2047 verbis
433 1975 485 2065 (ut
508 1984 770 2075 ἑρυθαίνεσθαι,
791 1982 1056 2074 θερμαίνεσθαι,
1078 1976 1205 2066 νοσεῖν)
1230 1996 1362 2072 semper
1377 1972 1522 2069 aliquam
1540 1982 1649 2047 motus
1669 1976 1890 2072 significatio·

223 2116 299 2166 nem
324 2096 472 2186 subesse,
499 2118 594 2191 quam
610 2096 653 2166 ob
669 2117 804 2166 causam
823 2093 923 2167 etiam
939 2092 1113 2190 participia
1135 2116 1309 2190 numquam
1333 2092 1483 2185 eandem,
1506 2117 1607 2191 quam
1627 2095 1800 2190 adiectira,
1826 2100 1892 2173 rina

133 2194 170 2237 ¹·
223 2212 346 2286 babere
370 2238 469 2312 posse
493 2213 669 2285 intellexit.
683 2207 737 2305 ¹⁸⁸)
752 2252 805 2266 -
828 2211 1069 2286 Aduerbiorum
1093 2211 1234 2309 deniqne
1259 2236 1393 2285 numero
1414 2213 1586 2286 eximenda
1600 2214 1679 2285 ridit
1695 2215 1767 2308 illa,
1794 2241 1891 2314 quae,

224 2357 322 2430 quum
347 2335 389 2407 ab
414 2334 584 2406 adiectiris
608 2332 757 2405 derivata
778 2339 904 2424 essent,
936 2330 1102 2427 qualitatis
1129 2331 1270 2427 aliquam
1295 2333 1460 2403 notionem
1485 2333 1735 2427 assumsissent,
1768 2345 1803 2409 et
1827 2338 1892 2410 ad·

223 2451 352 2550 ieetiria
375 2453 484 2550 potius
514 2451 723 2525 accensenda
746 2473 838 2542 esse3
851 2445 905 2549 l⁸⁹)
939 2448 1025 2548 quod
1058 2473 1135 2521 raro
1167 2449 1324 2523 adverbia
1353 2450 1416 2525 illa
1446 2453 1604 2549 temporis
1630 2460 1664 2526 et
1687 2454 1774 2549 loci,
1809 2482 1894 2555 quae

330 2768 411 2823 pnaae
428 2751 556 2815 iorma2e3
578 2749 626 2803 sed
642 2748 705 2802 vidit
722 2748 806 2812 simul,
829 2755 857 2801 et
875 2746 977 2801 obiecta
991 2761 1084 2799 ⁸eorum
1101 2749 1136 2800 ab
1153 2748 1210 2816 ipsa
1225 2748 1327 2801 actione
1344 2764 1396 2805 non
1414 2764 1473 2801 esne
1489 2749 1602 2817 diversa,
1619 2761 1655 2818 et,
1671 2755 1696 2806 al
1713 2760 1815 2825 parete.
1833 2734 1903 2817 tud,

330 2840 403 2902 tiant,
422 2838 459 2889 bis
475 2852 528 2890 non
546 2834 660 2899 indicati,
682 2849 738 2886 rem
755 2833 833 2887 aliam
851 2833 955 2884 actione
971 2831 1082 2885 subiecti
1097 2833 1194 2898 aliquid
1211 2834 1273 2915 pati,
1290 2820 1408 2886 aed'lleri
1425 2833 1461 2898 ld,
1478 2837 1548 2900 qaod
1566 2839 1645 2890 verbo
1663 2842 1837 2909 exprimatur;
1855 2846 1897 2900 to.

329 2931 439 2992 quantes
456 2921 505 2974 boc
521 2936 576 2974 aon
592 2918 773 2984 discernimus,
795 2917 845 2972 aed
861 2917 1037 2984 cogitantibus
1054 2924 1095 2968 eat
1112 2918 1325 2983 dimetiendum,
1348 2918 1394 2982 sic,
1415 2920 1439 2972 ai
1457 2919 1549 2971 dieitur
1566 2923 1653 2976 vlam
1670 2925 1734 2989 ire,
1760 2929 1799 2979 nel
1817 2931 1897 2996 panta
1988 2979 1991 2985 ,

334 3009 457 3061 andaciae
481 3019 609 3071 aequor
631 3005 812 3071 navigare,
838 3002 923 3056 πεδία
945 3001 1047 3069 πηδᾶν,
1072 3001 1112 3055 bic
1130 3010 1172 3054 est
1188 3011 1275 3056 motus
1292 3003 1366 3067 quari
1383 3004 1407 3055 ln
1424 3019 1456 3055 re
1473 3005 1590 3073 rediens,
1611 3023 1689 3073 quem
1708 3012 1897 3078 perlectam

333 3094 389 3144 aive
407 3090 505 3143 absol
515 3098 606 3140 utum
622 3090 787 3142 nominarent
803 3087 898 3151 antiqui
911 3085 1071 3153 plriloaopbi3
1087 3100 1140 3138 nou
1154 3090 1236 3150 aliter,
1254 3088 1345 3139 airam
1356 3087 1468 3152 aliquam
1480 3091 1576 3144 aentire
1591 3094 1631 3145 rel
1646 3096 1762 3160 cogitare
1782 3098 1897 3166 dicimur,

334 3175 400 3230 baec
413 3189 456 3230 ree
470 3175 553 3238 nebia,
570 3173 632 3227 dum
643 3174 790 3240 cogitanda
801 3185 861 3223 eam
873 3171 913 3221 aei
923 3172 1058 3233 sentimur,
1076 3186 1161 3236 neque
1176 3178 1285 3223 externa
1296 3179 1347 3237 est,
1365 3187 1450 3238 neque
1459 3176 1620 3240 cogitatione
1634 3186 1724 3231 noema
1740 3181 1834 3247 aliquid
1848 3200 1899 3252 pa-

334 3263 395 3314 titur
406 3260 453 3314 aed
468 3277 484 3311 a
495 3259 654 3327 cogitatione
667 3264 758 3312 nostra
769 3272 820 3309 neu
836 3261 877 3308 eat
888 3254 996 3306 diversa
1019 3253 1082 3306 lade
1092 3256 1216 3322 explices,
1233 3255 1303 3324 quod
1314 3255 1399 3307 media
1411 3257 1535 3324 pleraqoe
1546 3277 1562 3311 a
1575 3264 1660 3315 uerbia
1678 3266 1717 3316 uel
1735 3275 1842 3323 motae
1858 3269 1899 3325 cal

332 3342 507 3413 cogitandi
533 3360 564 3398 ac
585 3340 760 3396 sentiendi
783 3339 940 3400 tormentum
958 3344 1019 3391 aaut
1035 3339 1101 3391 euim
1119 3340 1152 3392 ab
1170 3339 1270 3406 origine
1288 3339 1398 3406 pasalan,
1416 3339 1463 3392 aed
1481 3342 1551 3408 talin,
1570 3361 1637 3410 qnae
1654 3345 1801 3419 αὖτοιιιιθῆ
1819 3355 1898 3409 dieu.

272 3463 324 3533 aas)
341 3464 481 3519 qnqnmvoa
500 3467 528 3513 et
545 3461 689 3530 praesentis
706 3467 735 3511 et
751 3458 907 3511 nonistorum
924 3455 1025 3508 formae
1041 3458 1140 3511 activae
1157 3473 1238 3525 caepe
1255 3458 1341 3510 etiam*
1350 3458 1400 3510 rim
1418 3458 1546 3525 passivam
1564 3461 1709 3528 involvere,
1734 3470 1792 3535 qnia
1809 3484 1902 3540 puram

336 3550 407 3602 uerbi
424 3548 562 3609 actionem,
585 3546 698 3598 uoudnm
716 3543 749 3596 ad
767 3543 897 3596 obiectum
916 3541 1020 3606 aliquod
1038 3543 1155 3606 relatam,
1178 3542 1298 3606 indicent,
1317 3550 1417 3596 rescat
1434 3545 1581 3613 notiaaime3
1606 3549 1639 3604 ci.
1659 3552 1784 3607 Mutiliae
1802 3572 1841 3622 [ιι.
1859 3570 1900 3625 gr.

335 3638 360 3701 ς,
377 3638 437 3696 5³5,
454 3631 502 3683 lll.
519 3638 573 3683 not.
607 3631 653 3682 Sic
669 3631 747 3685 etiarn
765 3628 923 3683 substantiva
941 3626 1068 3689 verbalia,
1093 3628 1207 3696 quamvis
1223 3629 1258 3679 ab
1276 3628 1375 3695 origine
1391 3627 1418 3682 iu
1436 3629 1520 3682 activa
1535 3638 1565 3684 et
1581 3635 1684 3700 pensita
1700 3638 1849 3706 discedant,
1871 3648 1904 3697 at

338 3720 434 3791 ιμῆσις
451 3724 478 3768 et
495 3711 574 3786 τομή,
593 3716 663 3777 λέξις
680 3722 707 3768 ct
730 3710 820 3785 λόγος,
837 3709 951 3780 δόκησις
966 3719 994 3764 et
1005 3706 1084 3779 δόξα,
1100 3713 1252 3782 saepissime
1270 3712 1336 3765 iuter
1352 3729 1382 3766 ae
1398 3722 1586 3782 permutantur.

276 3817 325 3888 Μ)
342 3818 388 3885 vl,
406 3821 431 3883 a,
450 3822 490 3870 oo.

275 3919 323 3989 ιν’)
342 3921 450 3988 Proprie
469 3916 571 3985 quidem
589 3922 706 3986 tempore
723 3917 841 3986 perlecto
857 3914 909 3970 bae
924 3915 1045 3969 notiones
1063 3915 1232 3969 mundandae
1250 3923 1333 3981 eraut,
1356 3917 1404 3970 aed
1421 3919 1458 3971 ott
1475 3920 1554 3971 muita
1570 3921 1659 3985 verba,
1684 3938 1714 3975 ea
1733 3927 1902 3997 potissimum,

341 4019 407 4070 quae
423 4012 519 4056 atatam
537 4004 692 4069 aliquemne
708 4003 881 4055 conditionem
895 4001 1038 4063 enuntiant,
1055 3999 1104 4052 iarn
1118 4003 1259 4069 praesentia
1273 4004 1396 4069 temporie
1409 4002 1492 4055 torma
1508 4003 1616 4069 perfecti
1632 4009 1764 4062 notionem
1781 4012 1904 4082 indicant,

338 4090 376 4142 aie
394 4089 452 4152 alia,
470 4102 537 4153 quae
555 4089 658 4156 proprie
676 4095 736 4139 snut
753 4086 877 4156 perfecta,
893 4086 919 4138 io
936 4084 1079 4153 praeseutia
1099 4087 1148 4137 vim
1166 4086 1271 4150 abeunt,
1288 4086 1336 4138 aed
1354 4088 1399 4151 ita,
1415 4094 1445 4139 nt
1461 4090 1610 4155 nemperrci
1626 4102 1748 4158 peractae
1759 4100 1906 4155 coriamb-

340 4174 389 4238 alt3
407 4171 477 4238 quod
495 4173 605 4225 maxime
622 4172 729 4225 coditio
747 4169 970 4224 rerba-centiendi
986 4177 1013 4222 et
1031 4168 1205 4236 cognoscendi
1220 4173 1289 4231 talin,
1308 4187 1375 4236 qaae
1392 4186 1495 4224 aeneum
1510 4173 1549 4223 nal
1567 4179 1682 4239 quemvis
1693 4181 1768 4233 animi
1783 4183 1904 4238 affectam

340 4275 392 4314 uon
416 4259 577 4310 exorientem
594 4257 640 4309 sed
657 4258 708 4308 iam
726 4265 843 4310 exortum
861 4264 939 4321 atque
956 4255 1102 4306 alosoiotom
1120 4256 1281 4321 exprimunt,
1305 4258 1341 4307 nti
1360 4252 1440 4311 οἶδα.
1465 4261 1621 4328 μέμνημαι.
1646 4278 1670 4313 m
1682 4267 1797 4330 amini,
1819 4271 1905 4335 novi,

342 4343 410 4406 odi,
434 4341 515 4403 will,
532 4342 633 4405 kann,
652 4357 739 4406 mag,
757 4354 824 4404 quae
841 4348 868 4391 et
884 4341 941 4407 ipsa
955 4338 993 4391 ab
1010 4340 1111 4404 origine
1129 4341 1269 4408 praeterita
1288 4356 1346 4395 esse
1365 4343 1454 4394 docuit
1471 4343 1523 4395 lac.
1549 4346 1728 4400 Grimmina
1752 4350 1778 4403 in
1795 4368 1903 4418 granai.

342 4437 405 4482 teat.
424 4427 446 4491 l,
465 4441 490 4493 p.
507 4428 566 4478 962
584 4438 640 4490 aqq.
676 4425 798 4477 Similiter
814 4425 839 4476 in
857 4424 944 4490 lingua
965 4421 1088 4476 hebraica
1111 4425 1253 4492 praeterita
1269 4422 1361 4479 borum
1378 4428 1514 4479 verborum
1532 4433 1675 4495 praesentia
1693 4433 1743 4487 rim
1761 4435 1908 4493 adaeiaaeea

344 4514 436 4565 solent.

280 4613 328 4679 Μ)
346 4613 391 4676 i‘l,
409 4617 434 4675 3,
453 4616 493 4665 re.
523 4611 560 4663 Ut
579 4610 681 4664 omnino
696 4608 825 4662 Graecum
843 4607 939 4661 idioma
956 4625 972 4661 a
987 4607 1109 4662 Romano
1126 4622 1160 4661 eo
1176 4608 1337 4677 potissimum
1354 4609 1449 4674 differt,
1467 4612 1536 4677 quod
1553 4615 1689 4671 verboram
1706 4619 1910 4688 aignilicatinaea

344 4701 369 4750 in
385 4701 429 4751 ilio
446 4707 583 4750 concretae
600 4697 683 4761 magia
699 4700 767 4757 annt,
792 4694 826 4745 ita
844 4700 873 4745 nt
890 4693 924 4747 ob
942 4694 1032 4748 oecion
1050 4695 1131 4759 magia
1149 4693 1251 4760 positae
1268 4700 1296 4745 et
1312 4695 1386 4759 qnasi
1404 4703 1492 4750 motae
1508 4698 1651 4767 videantur,
1674 4705 1714 4758 alc
1731 4707 1810 4762 eb'atn
1829 4711 1910 4780 partl-

343 4784 410 4848 cipia
428 4784 451 4833 tn
471 4783 555 4848 lingua
574 4797 668 4849 graeca
687 4779 867 4831 multominus
885 4790 963 4846 qnam
980 4780 1005 4831 in
1023 4778 1101 4831 latina
1117 4794 1165 4847 pro
1183 4777 1315 4841 adiectivia
1332 4787 1470 4849 ponantur.
1496 4800 1499 4806 ·

280 4883 329 4952 Μ)
349 4882 392 4948 ut,
409 4887 434 4944 s,
456 4887 493 4935 m
607 4902 609 4906 ·

1624 4978 1647 5038 ο
1660 4973 1678 5014 b
