4386 5618
125 180 196 307 ,Ι
278 317 333 353 Ἰ

1089 346 1283 477 5,,

244 603 406 712 serpere,
430 608 623 709 plerumque
646 591 757 680 tamen
778 608 873 677 reete
892 597 934 678 ie
949 625 991 679 eo
1015 589 1083 676 liei
1101 608 1223 703 potest,
1249 600 1336 702 quoi
1358 600 1399 678 he
1414 601 1609 705 Thucydide
1624 602 1779 685 indicarit
1794 608 1927 699 hiemo,

257 730 316 825 (le
341 736 428 812 orat,
455 730 494 822 2,
522 729 602 823 lh.)
634 727 684 799 ita
708 725 861 800 crebrum
885 747 962 800 eum
985 747 1061 798 esso
1084 747 1195 797 rerum
1218 722 1424 822 frequentia,
1449 735 1487 801 nt
1510 731 1682 804 rethorum
1707 756 1833 832 quoque
1859 758 1926 807 uu·

254 873 383 926 merum
407 848 641 923 sententiarum
664 869 801 921 numero
826 851 1062 943 eousequatur3
1088 851 1122 917 ot
1147 869 1245 943 quum
1269 869 1430 919 summum
1445 850 1607 924 orationis
1628 850 1843 951 philosophae
1861 877 1927 928 ex·

148 972 154 985 '
179 999 188 1011 ·
255 970 400 1069 emplum
423 969 540 1043 morito
564 966 736 1042 laudamus
750 965 981 1061 Aristotelem,
1004 970 1043 1037 ut
1061 961 1122 1062 qui,
1135 964 1244 1037 uerbis
1257 965 1298 1037 ah
1324 965 1399 1064 ipso
1424 967 1493 1042 siva
1517 969 1657 1044 inuentis
1679 972 1747 1047 siue
1768 974 1928 1074 remphis,

205 1163 209 1173 ,
253 1087 449 1165 inexhausta
472 1112 534 1162 sua
557 1087 717 1163 orationis
742 1087 923 1182 uarietate,
949 1108 1014 1183 qua
1038 1106 1151 1157 omnes
1176 1085 1385 1183 cogitationis
1410 1088 1506 1185 quasi
1531 1090 1711 1187 ambages,
1736 1091 1839 1188 sinus,
1865 1117 1927 1169 re·
2021 1088 2028 1099 '

253 1233 369 1286 osseus
394 1215 429 1283 et
452 1208 600 1307 seqnitur
623 1214 659 1283 et
683 1206 861 1283 soitissime
890 1203 1061 1305 exprimit,
1091 1225 1248 1313 neruosa
1265 1204 1405 1305 donique
1423 1201 1497 1283 'illa
1522 1209 1676 1286 dictionis
1701 1210 1926 1310 simplicitate,

139 1337 142 1343 '
253 1354 320 1428 pua
342 1353 453 1402 meres
477 1336 512 1403 et
536 1327 685 1403 sinoeras
708 1351 821 1402 rerum
851 1326 1003 1404 notiones
1037 1324 1205 1422 enuntiat,
1236 1325 1476 1426 philosophiam
1501 1329 1537 1403 in
1562 1354 1657 1405 omne
1682 1338 1811 1431 tempus
1836 1322 1938 1433 loqui·
1972 1328 1976 1335 ’

223 1439 414 1543 'docuerit
446 1448 549 1522 simili
568 1471 650 1525 seno
673 1448 774 1526 laude
799 1446 899 1525 etiam
921 1445 1076 1522 Plotiuus
1099 1444 1216 1544 dignm
1242 1454 1307 1541 est,
1334 1447 1390 1547 qui
1413 1447 1571 1524 sublimes
1595 1450 1672 1525 illae
1696 1452 1863 1551 regiones,
1889 1452 1926 1527 iu
1999 1476 2002 1483 ·

251 1594 336 1671 quas
358 1592 454 1644 mens
478 1568 550 1644 eius
573 1569 707 1645 evolare
731 1593 815 1646 ausa
838 1573 921 1660 eret,
954 1565 1107 1642 dictionis
1131 1565 1332 1641 sublimitate
1355 1566 1405 1641 ita
1430 1568 1562 1667 assequi
1586 1568 1723 1665 studuit,
1760 1580 1797 1646 ut
1821 1595 1924 1671 saepe

89 1728 93 1738 ·
253 1690 352 1764 nohis
377 1688 597 1764 oonlitenlum
620 1690 677 1783 sit,
700 1711 809 1788 nequo
833 1686 961 1769 nautius
984 1709 1092 1785 neque
1114 1676 1247 1784 marius
1267 1685 1310 1760 (le
1333 1686 1455 1762 talihns
1479 1689 1578 1765 nehus
1603 1688 1670 1762 liei
1694 1714 1806 1789 posse.
1848 1690 1926 1767 Iam
1955 1673 1961 1682 ⁵

252 1820 330 1882 urm
360 1815 454 1882 tants
486 1809 582 1883 nohis
615 1808 870 1907 disputationum
900 1805 1165 1882 Plotiniuuarum
1196 1805 1295 1904 eopia
1319 1829 1361 1895 ao
1386 1806 1529 1883 varietas
1556 1807 1765 1907 suppeditet,
1797 1810 1834 1884 in
1858 1810 1924 1887 hoo

250 1927 409 2028 opuseulo
433 1927 586 2026 exiguam
608 1935 736 2010 tautum
757 1951 869 2011 terum
890 1927 1024 2010 iham
1046 1933 1188 2033 purtem,
1211 1925 1364 2025 oenomai
1377 1928 1508 2004 seilicet
1522 1928 1623 2030 spatii
1641 1928 1803 2029 angustiis
1823 1953 1925 2029 pres·
