4386 5618
325 636 509 717 inserendis
531 642 587 710 ant
613 630 768 710 tollendis
788 638 843 706 aut
865 627 1077 704 emendandis
1101 629 1327 730 aat'deniqne
1346 631 1610 734 interpunctione
1633 637 1789 714 mutanda
1812 638 2006 719 medendum
2059 731 2067 737 ,

329 769 436 851 esset3
460 783 597 857 qnorum
618 756 673 829 bie
700 779 757 826 eos
781 761 906 825 tantum
925 752 1111 844 alienemus,
1137 753 1194 849 qui
1212 753 1379 826 emendati
1402 763 1459 827 aut
1485 757 1610 854 aliquid
1627 759 1668 831 ud
1685 760 1867 836 doctrinam
1879 765 2006 839 Plotini

327 883 451 958 raetiam
473 875 735 976 cognoscendam
759 873 910 945 conferre
934 873 1114 965 videantur,
1141 879 1198 945 ant
1220 895 1352 969 gravem
1370 874 1513 972 aliquam
1528 880 1725 952 sententiam
1746 881 1814 953 sire
1838 883 2006 980 eleganter

328 1005 398 1080 sire
416 1000 559 1099 grauiter
580 992 781 1068 enuntiatam
799 995 895 1066 nobis
915 993 1103 1066 exhibeant.
1128 1032 1182 1048 -
1212 993 1373 1067 Ultimum
1399 995 1493 1092 qnasi
1515 996 1625 1090 inem,
1660 998 1821 1097 adquam
1847 1002 2004 1077 mensde

326 1126 427 1198 rebus
447 1114 615 1214 corporeis
638 1101 787 1210 cogitans
811 1114 985 1212 pervenire
1007 1119 1132 1212 posset,
1157 1115 1329 1187 materiam
1352 1116 1462 1214 posuit
1475 1115 1640 1209 Plotinus,
1668 1143 1766 1215 quam
1789 1120 1838 1192 ita
1855 1123 2005 1196 amnibus

326 1241 442 1316 lomois
466 1245 500 1311 et
521 1234 719 1334 praedicatis
740 1233 841 1327 enuit,
867 1240 904 1305 ut
928 1239 1017 1306 esset
1040 1234 1148 1337 inanis
1172 1234 1331 1331 praedm
1354 1235 1444 1308 notia
1465 1241 1503 1308 ct
1522 1261 1608 1310 rana
1629 1239 1770 1336 species,
1796 1244 2006 1337 quamobrem

259 1428 263 1435 ,
328 1364 432 1437 mam
448 1359 592 1456 spuriam
604 1354 771 1427 notionem
785 1347 836 1452 ιη)
856 1354 1001 1443 vocavit,
1023 1353 1082 1426 sed
1097 1355 1164 1425 iam
1177 1368 1277 1452 supra
1292 1355 1450 1428 monitum
1464 1364 1527 1449 est,
1543 1381 1617 1429 eum
1633 1359 1779 1431 noluisse
1794 1359 1856 1433 duo
1871 1370 2007 1436 aeterua

327 1480 492 1585 principia
512 1484 669 1567 statuere,
697 1494 831 1571 qnorum
857 1496 897 1545 en
919 1494 983 1546 uno
997 1470 1098 1566 bona,
1124 1494 1166 1546 ex
1191 1475 1296 1547 ultera
1319 1475 1408 1547 mula
1422 1479 1532 1549 omnia
1549 1487 1664 1550 exorta
1684 1488 1812 1570 essent;
1837 1504 1913 1553 nam
1929 1507 2007 1555 ma·

326 1604 445 1695 teriam
468 1599 550 1672 nihil
575 1596 706 1669 omnino
728 1593 841 1666 docuit
865 1616 939 1665 csse
963 1599 996 1665 et
1018 1594 1137 1692 ubique
1157 1593 1271 1667 somnis
1296 1595 1471 1693 repletam.
1522 1595 1804 1671 Luculcutissime
1823 1624 1899 1674 vcro
1924 1601 2003 1696 boc,

316 1731 501 1824 ¹postquam
515 1719 556 1790 de
568 1717 729 1788 malorum
741 1712 939 1786 necessitate
954 1712 1119 1807 disseruit,
1138 1714 1174 1787 in
1190 1714 1265 1789 loco
1280 1715 1388 1812 aliquo
1405 1715 1497 1809 dicit,
1518 1741 1613 1816 quem
1627 1718 1676 1791 ita
1691 1717 2009 1795 cdiditGreuzeruse¹
2105 1757 2110 1765 ·

216 1846 232 1860 “
330 1841 418 1944 (111,
436 1836 549 1931 2,15.
568 1861 603 1932 p.
621 1834 712 1924 478,
736 1833 763 1904 l.
780 1833 841 1905 ll.
860 1830 936 1926 Cr.)
958 1841 1017 1911 sai
1037 1838 1097 1928 οὐχ
1116 1838 1137 1934 ἦ
1158 1841 1222 1950 ὕλη
1244 1844 1469 1937 παρελθοῦσα
1491 1852 1619 1936 κρατεῖ,
1642 1842 1730 1914 ἀλλὰ
1752 1847 1925 1939 παρήχθη,
1948 1850 2005 1921 ἵνα

331 1968 441 2040 οὕτω·
461 1966 591 2053 μᾶλλον
604 1964 643 2032 di
657 1956 699 2053 ἦν
716 1961 774 2029 καὶ
790 1956 874 2052 adra}
899 1959 1018 2048 [alcia]
1039 1958 1141 2052 λόγου
1161 1960 1277 2044 οὕτως.
1321 1952 1371 2025 At
1389 1952 1461 2049 quis
1476 1977 1541 2027 non
1554 1955 1675 2047 rideat,
1698 1959 1881 2052 materiam,
1898 1961 2005 2036 omnis

329 2080 458 2155 formae
474 2083 653 2173 expertem,
679 2095 745 2144 non
765 2095 864 2169 posse
883 2068 952 2144 diei
973 2076 1088 2149 αἰτίαν
1106 2076 1231 2169 λόγοαλ
1255 2078 1289 2144 et
1306 2056 1378 2168 rpiis
1394 2070 1482 2145 ierat
1494 2075 1689 2171 particulam
1707 2082 1814 2164 οὕτως
1833 2077 2004 2153 molestis-

332 2203 415 2277 sime
429 2191 608 2270 iteratam?
634 2191 751 2290 Neque
765 2190 847 2263 illud
860 2188 1060 2262 Grcozcrmu
1073 2190 1169 2287 fugit,
1189 2192 1245 2289 qui
1260 2192 1452 2264 vocabulum
1472 2200 1575 2282 αἰτία,
1600 2194 1687 2290 quod
1702 2219 1722 2266 a
1739 2195 1854 2269 θθᾶίῦθ
1870 2195 2005 2274 Gizensi
2140 2266 2147 2276 ·

332 2324 439 2412 abest,
465 2316 595 2389 uncinis
617 2312 769 2401 inclusit3
801 2311 860 2383 sed
876 2310 995 2407 reliqui
1017 2310 1151 2383 codices
1173 2334 1285 2383 omnes
1307 2310 1393 2385 banc
1417 2334 1531 2385 rocem
1557 2321 1751 2409 agnoscunt,
1782 2339 1888 2413 neque
1910 2319 2005 2395 locrus

302 2432 309 2441 ”
334 2464 378 2514 ea
392 2438 515 2512 emissa
528 2441 675 2504 sanatur.
714 2429 911 2521 Legendum
926 2436 996 2495 est:
1023 2438 1081 2499 καὶ
1103 2432 1211 2522 αὐτῇ
1232 2436 1327 2501 alvia
1348 2433 1476 2522 λόγος
1497 2435 1717 2516 ὡσαύτως·
1740 2431 1900 2508 facillime
1918 2440 2005 2513 enim

332 2561 398 2636 boc
415 2556 451 2626 iu
470 2557 572 2650 λόγου
593 2553 701 2634 οὕτως
721 2541 893 2640 depravari
913 2549 1056 2637 poterat.
1107 2537 1211 2609 Ratio
1234 2540 1334 2633 igitur
1359 2543 1458 2612 etiam
1481 2543 1639 2617 materiae
1660 2554 1774 2617 auctor
1798 2562 1945 2647 vocatur,
1972 2573 2028 2636 et·

334 2685 483 2779 apertum
505 2676 568 2760 est,
601 2672 726 2738 tantum
756 2661 900 2737 abluisse
919 2659 1100 2751 Plotinum,
1128 2664 1166 2728 ut
1189 2658 1372 2730 absolutum
1397 2660 1528 2756 aliquod
1546 2662 1667 2735 malum
1691 2667 2004 2773 comminisceretur,

332 2811 370 2875 nt
392 2771 491 2870 etiam
511 2786 681 2861 materiam
703 2808 724 2855 a
741 2782 869 2854 ratione
888 2778 997 2852 divina
1009 2784 1215 2873 procreatam
1231 2784 1266 2849 et
1282 2776 1455 2851 formatam
1466 2777 1626 2875 docuerit,
1652 2791 1686 2855 et
1703 2784 1836 2883 egregie
1851 2816 1925 2865 enm
1941 2796 2005 2872 has

263 2948 269 2959 *
306 2913 498 2995 '‘sententia
518 2907 694 2981 concinunt
707 2901 877 2998 sequentia
892 2898 1010 2969 rerba:
1038 2901 1122 2996 όρχῆ
1139 2901 1198 2974 oda
1211 2903 1310 2996 λόγος
1325 2906 1382 2973 καὶ
1399 2903 1512 2975 πάντα
1526 2905 1634 2996 λόγος.
1658 2950 1702 2964 -
1733 2905 1814 2978 Alio
1831 2908 1918 3006 loco,
1944 2919 2002 2991 nbi

333 3042 434 3116 etiam
448 3022 737 3106 malanecessaria
753 3043 826 3091 esse
843 3015 996 3109 ostendit,
1023 3014 1070 3108 (I,
1097 3017 1134 3109 8,
1161 3017 1199 3088 8.
1224 3041 1259 3112 p.
1289 3016 1377 3108 148,
1403 3017 1459 3108 4.)
1486 3016 1592 3089 addita
1616 3025 1668 3113 ἔςι
1688 3032 1726 3102 δὲ
1739 3039 1803 3104 τοῦ
1817 3045 1925 3110 κακοῦ
1941 3046 2003 3113 λα.

335 3161 410 3240 βεῖν
428 3145 489 3214 καὶ
506 3137 594 3209 οὕτω
608 3135 669 3224 τὴν
682 3128 846 3220 ἀνάγκην·
870 3128 948 3197 ἐπεὶ
962 3129 1026 3219 γὰρ
1042 3123 1081 3195 ori
1095 3124 1252 3212 μόνοντὰ
1267 3121 1410 3216 ἀγαθὸν,
1434 3124 1561 3219 ἀνάγκη
1576 3135 1620 3223 τῇ
1643 3131 1832 3219 ἐκβάσει
1852 3148 1897 3235 τῇ
1918 3145 1998 3239 παρ’

336 3267 420 3340 eisd
438 3250 662 3340 όποςόσει.
711 3240 867 3312 Ultinnum
888 3237 1092 3326 vocabulum,
1118 3236 1203 3332 quod
1218 3261 1303 3309 unus
1321 3243 1446 3309 autum
1461 3261 1504 3310 ex
1520 3239 1688 3314 codicibus
1705 3268 1726 3317 a
1745 3244 1911 3327 Grenzero
1926 3257 2003 3329 col-

333 3379 412 3457 latis
432 3369 527 3447 Mon.
553 3363 595 3438 G.
620 3362 739 3452 babet,
771 3360 813 3432 ab
836 3359 909 3455 ipso
940 3363 1125 3453 suspectum
1153 3355 1300 3429 habiturn
1322 3365 1356 3428 ct
1376 3358 1505 3430 uncinis
1529 3358 1691 3436 inclusum
1713 3374 1779 3456 est3
1814 3372 1873 3443 sed
1898 3398 1998 3474 saepe

330 3504 372 3586 ,in
391 3493 559 3572 codicibus
575 3480 834 3583 praepositiones
850 3502 886 3550 se
900 3476 1101 3573 excipientes
1118 3484 1174 3547 aut
1188 3476 1354 3573 simplices
1369 3486 1425 3549 aut
1438 3477 1546 3551 vorbis
1560 3485 1767 3580 praepositae
1783 3488 1891 3563 locum
1908 3519 2002 3570 suum

256 3696 259 3705 ⁸
335 3613 619 3721 pmmntaverunl3
641 3624 749 3673 nonne
766 3600 866 3697 igitur
880 3595 1055 3692 legendum
1070 3604 1141 3668 est:
1167 3610 1211 3697 τῇ
1230 3601 1426 3690 όποβόοει
1439 3611 1482 3699 τῇ
1498 3605 1578 3699 παρ’
1602 3606 1727 3681 αὐτοῦ
1748 3617 1806 3684 καὶ
1826 3618 2003 3704 ἒκςόσειθ

336 3746 510 3832 pappam
533 3725 609 3824 qnid
625 3723 670 3794 sit
683 3719 769 3835 aliud
785 3717 991 3808 Platonicos,
1017 3716 1173 3825 (status
1199 3715 1459 3810 deminutus)
1487 3715 1671 3793 Greuuerus
1685 3722 1720 3793 in
1735 3725 1944 3805 adnotatione
1958 3735 2000 3807 ad

335 3864 423 3936 huno
446 3855 554 3927 locum
579 3844 706 3931 ἀραιὴ,
738 3847 875 3932 &georg
894 3860 984 3927 sero,
1010 3834 1035 3906 i.
1065 3860 1096 3908 e.
1121 3842 1267 3908 status
1292 3843 1499 3935 perpetuo
1525 3862 1546 3910 a
1569 3863 1614 3911 se
1639 3840 1890 3941 discedens,
1926 3878 2002 3927 ma.

336 3982 440 4059 leriae
466 3967 652 4047 attribuitur
667 3971 700 4036 et
723 3958 863 4034 statui
887 3965 1023 4029 aeterno
1047 3960 1180 4053 (ςόσα)
1203 3957 1320 4039 incutis
1345 3959 1519 4054 opponitur
1535 3957 1603 4051 VI,
1620 3960 1657 4050 3,
1681 3962 1718 4032 2.
1733 3957 1786 4057 ¹⁸²)
1838 3967 2004 4047 Probatur

333 4078 520 4178 emistis
537 4093 651 4159 nostra
670 4085 725 4173 iis,
752 4102 836 4177 quae
856 4077 1004 4176 proxime
1024 4082 1220 4171 sequnnmre
1246 4090 1289 4176 τῇ
1309 4081 1366 4152 ciel
1384 4083 1552 4170 ὖποβόσει
1575 4087 1633 4154 καὶ
1655 4083 1825 4173 ἆποςόοει
1847 4099 1887 4166 τό
1903 4097 2000 4186 ἔσχα-

335 4225 563 4302 m-coaco
586 4208 674 4284 elsae
693 4211 733 4278 τὸ
757 4205 868 4275 κακόν.
900 4244 944 4260 -
976 4193 1047 4268 Vix
1070 4218 1146 4268 vero
1169 4194 1337 4267 laentum
1363 4201 1425 4284 est,
1461 4194 1548 4289 quod
1570 4193 1603 4288 I,
1627 4197 1665 4290 8,
1687 4197 1726 4272 9.
1746 4204 1854 4297 (151,
1878 4208 1932 4302 8.)
1959 4212 2000 4287 de

335 4336 474 4415 materia
491 4326 651 4423 legimust
672 4329 712 4396 cb
727 4323 892 4416 παράπαν
909 4318 1000 4405 εἶδος
1014 4319 1249 4414 ἀφαιροῦντες,
1273 4326 1342 4389 πᾶν
1364 4313 1483 4402 εἶδος
1504 4312 1531 4411 ᾧ
1553 4324 1607 4414 μή
1627 4331 1761 4396 ταῦτα
1783 4329 1919 4423 πάρεςι,
1943 4340 2000 4410 λό-

335 4494 437 4561 γομεα
463 4457 552 4532 εἶναι
577 4453 668 4544 ὅλην.
705 4434 928 4532 Ergoiisdem
946 4433 1066 4526 verbis,
1093 4433 1208 4530 quibus
1223 4432 1310 4506 amni
1333 4430 1441 4506 loram
1455 4455 1571 4506 carcre
1591 4433 1671 4509 dicit
1688 4441 1869 4536 materiam,
1895 4445 2002 4546 ipsam

378 4675 426 4739 ια)
442 4671 479 4734 11,
496 4672 523 4730 4,
543 4670 581 4719 12.
602 4658 645 4715 ‹at›
663 4659 710 4710 καὶ
728 4651 819 4714 νόθος.
838 4653 869 4721 (ὁ
887 4657 951 4727 περὶ
966 4651 1030 4720 ὕλης
1042 4646 1201 4722 inproperia.)
1308 4631 1321 4643 ι

379 4776 430 4844 rm)
448 4772 494 4832 pl,
510 4774 536 4831 a,
552 4770 577 4818 2
605 4760 684 4824 Quod
701 4757 737 4811 ibi
755 4753 822 4823 disc
839 4754 892 4811 eis
913 4756 1025 4821 raguse,-
1044 4751 1114 4808 κατὰ
1137 4750 1186 4820 τὴν
1206 4746 1289 4816 scieas
1305 4753 1361 4806 dcrl
1378 4751 1479 4817 diriter,
1502 4752 1540 4805 iis
1558 4755 1642 4806 verbis
1659 4754 1819 4818 significator
1842 4771 1926 4822 statas
1944 4784 2001 4825 m·

440 4857 524 4912 wi„
540 4852 591 4903 mn
608 4846 693 4900 mma
711 4848 858 4910 cameratae,
880 4840 916 4894 lar
934 4848 964 4895 ut
978 4847 1074 4895 maun
1091 4845 1226 4892 aeterum
1240 4838 1335 4890 nenas
1354 4837 1545 4905 αωόιωαιοόα
1562 4839 1653 4890 imitari
1671 4839 1783 4910 mebant,
