4386 5618
1066 398 1116 477 15

261 614 422 701 evocandi
447 620 483 690 et
506 612 549 688 arl
573 612 671 686 doum
694 607 883 703 revocandi,
909 608 1015 683 amori
1039 616 1237 683 momentum
1262 607 1387 684 tribuit.
1401 605 1443 704 ³⁵)
1483 608 1558 684 Iam
1583 635 1659 685 vero
1684 609 1742 683 ille
1767 607 1928 683 mavissi-

261 763 334 815 mas
369 739 410 812 vla
443 760 554 810 amore
586 734 727 807 fabellas
761 733 797 804 in
830 730 956 804 duobus
977 731 1185 829 potissimum
1207 730 1301 804 libris
1326 742 1558 829 proposuerat,
1593 734 1628 805 in
1652 731 1806 804 Phaedro
1832 738 1866 803 ot
1890 730 1927 803 in

261 859 427 947 convivio;
452 858 488 928 in
511 856 564 927 his
587 855 687 951 igitur
710 851 915 951 explicandis
930 851 1084 925 Plotium
1106 850 1324 924 libentissimo
1350 860 1509 945 versatur,
1535 854 1595 925 lnos
1616 861 1772 951 perpetuo
1797 849 1925 944 laudat,

259 978 425 1070 illustrat,
457 1000 529 1074 pro.
551 975 658 1047 sacris
682 974 777 1071 qnasi
809 972 903 1046 libris
927 972 1046 1067 iratist,
1084 972 1241 1045 latentem
1267 996 1309 1045 en
1333 973 1377 1046 iis
1400 973 1571 1051 veritatem
1605 974 1727 1046 elicere
1753 980 1787 1045 ct
1810 970 1925 1069 purius

261 1119 461 1194 cognoscere
486 1104 636 1168 conatur.
669 1093 836 1193 Imprimis
861 1094 897 1166 in
916 1089 1118 1186 dulcissimo,
1143 1092 1198 1165 cui
1213 1093 1405 1192 inscriptum
1423 1101 1475 1166 est
1500 1102 1581 1192 napi
1602 1098 1736 1192 ἔρωτος,
1765 1090 1852 1184 (ΠΙ,
1871 1090 1925 1183 5.)

260 1217 345 1291 libro
370 1217 434 1289 luoo
459 1241 541 1313 opus
566 1223 706 1322 tractat,
745 1216 794 1289 ita
821 1222 858 1287 ut
883 1213 1071 1287 landrum
1097 1212 1309 1287 christianum
1333 1213 1440 1310 magis
1465 1214 1629 1287 lrorninena
1654 1236 1751 1309 qnam
1774 1212 1927 1310 philoso-

257 1338 357 1436 plmm
381 1336 591 1423 Platonicum
624 1337 664 1408 do
689 1335 759 1409 Dei
788 1359 899 1409 amoro
914 1335 1115 1434 loquentem
1148 1335 1244 1408 nolsis
1276 1335 1442 1408 videamur
1473 1335 1600 1408 andire.
1651 1332 1729 1405 Hoc
1753 1339 1926 1429 postquam

256 1456 387 1531 fabulas
410 1456 572 1531 iucundae
597 1457 648 1527 illi
670 1458 864 1551 narrationi,
890 1480 987 1554 quam
1013 1458 1172 1553 (sympos.
1192 1481 1227 1552 p.
1246 1442 1335 1529 etl.
1354 1454 1443 1554 sqq.)
1477 1454 1638 1528 Socrates
1664 1477 1686 1525 a
1709 1451 1861 1524 Diotima
1885 1473 1925 1525 so

257 1576 352 1674 fingit
373 1577 555 1675 accepisse,
581 1577 725 1650 intextas
750 1576 793 1650 vlo
810 1578 932 1650 amonis
957 1585 1055 1676 partu
1077 1576 1247 1674 ingeniose
1273 1577 1460 1673 explicavit,
1486 1573 1670 1647 rectissimo
1696 1571 1821 1664 statuit,
1847 1569 1925 1668 quial

259 1697 392 1770 intersit
424 1697 510 1770 inter
534 1697 683 1770 strictam
717 1705 752 1770 et
775 1705 928 1770 exactam
952 1698 1059 1794 magis
1091 1695 1343 1795 philosophandi
1366 1696 1528 1768 rationem
1561 1702 1595 1767 et
1618 1693 1705 1765 inter
1729 1692 1819 1764 aliod
1843 1688 1926 1763 illnrl

259 1814 444 1889 disserendi
475 1840 601 1911 genos,
633 1817 687 1888 cui
721 1824 845 1888 tautum
869 1816 1015 1890 {indulsit
1036 1816 1156 1899 Plato,
1191 1838 1254 1911 quo
1279 1814 1495 1911 postabulas
1526 1823 1624 1912 atquc
1655 1812 1817 1908 imagines
1849 1832 1929 1884 vcra

255 1930 551 2032 proponuntur;“)
579 1935 660 2004 dicit
685 1935 784 2024 enim,
808 1934 930 2004 fabulis
949 1955 1001 2025 ea,
1028 1955 1112 2029 quae
1136 1935 1319 2027 mudantur,
1348 1933 1389 2007 et'
1405 1943 1552 2032 temporo
1578 1932 1738 2023 distinam,
1765 1937 1800 2002 et
1825 1951 1927 2026 saepo

257 2074 311 2146 sa,
338 2075 422 2149 quae
439 2050 553 2124 ordine
570 2048 700 2146 quoidam
725 2051 906 2123 etvirilms
921 2051 1052 2124 diversa
1066 2075 1140 2126 esse
1153 2053 1334 2144 videamur,
1360 2078 1437 2125 vero
1462 2061 1571 2125 nutem
1596 2051 1712 2125 eadem
1737 2050 1815 2143 sint,
1840 2049 1928 2122 inter

257 2196 296 2246 se
321 2171 484 2266 disiungi,
510 2170 560 2240 ita
583 2177 620 2241 ut
643 2169 826 2262 interdum,
856 2193 939 2266 quae
962 2178 1081 2244 natura
1104 2195 1167 2244 sua
1191 2178 1327 2243 aeterna
1352 2170 1434 2263 sint,
1468 2172 1559 2266 gigni
1585 2178 1619 2242 et
1643 2169 1737 2242 nasci
1763 2169 1928 2242 dicantur.

260 2291 427 2365 Menmria
452 2288 681 2384 dignissimum
704 2312 784 2361 sano
810 2288 964 2382 allatum,
990 2313 1073 2385 quo,
1100 2290 1200 2361 etiam
1225 2289 1255 2361 si
1279 2312 1473 2384 numquam,
1508 2290 1542 2360 ivl
1569 2290 1655 2387 quod
1680 2311 1810 2384 semper
1834 2286 1928 2379 lecit,

259 2409 392 2484 ‹lisertis
434 2409 542 2480 vorbis
583 2404 831 2500 affirmavissct,
874 2408 1093 2498 disceremus,
1129 2429 1223 2498 oum,
1267 2429 1365 2502 quom
1393 2415 1536 2478 mentam
1568 2431 1591 2479 a
1624 2407 1687 2479 deo
1720 2431 1864 2500 omnmo,
1905 2429 1928 2481 a

131 2569 134 2573 ·
259 2536 369 2603 mente
403 2525 545 2599 animam
578 2526 671 2621 gigni
703 2526 810 2615 dicat,
843 2525 989 2597 noluisse
1013 2533 1082 2596 tres
1107 2523 1262 2596 inducere
1288 2526 1385 2617 (loos,
1418 2550 1553 2623 quornm
1577 2549 1662 2598 nnus
1687 2526 1861 2624 aliquando
1887 2549 1930 2600 ex

258 2647 364 2721 altero
389 2651 487 2715 natus
512 2641 632 2733 inerit,
669 2640 729 2712 ssd
753 2640 897 2735 imagine
921 2645 1048 2710 tantum
1072 2637 1137 2709 hac
1160 2662 1255 2710 nsum
1279 2640 1402 2733 losse,
1439 2650 1475 2712 nt
1507 2643 1652 2716 diversos
1676 2646 1773 2717 nobis
1800 2645 1929 2719 dinnao
2043 2681 2048 2691 ·

259 2763 427 2865 potentiae
452 2767 551 2858 atque
577 2758 748 2832 efficaciae
772 2756 894 2856 gratim
919 2756 1117 2831 ostenderet.
1131 2751 1172 2856 ⁸²)
1213 2756 1288 2829 Iam
1313 2782 1373 2856 per
1398 2760 1529 2857 singula
1551 2785 1618 2833 non
1643 2785 1817 2859 sequemur
1840 2762 1929 2836 Plo·

260 2885 364 2959 tiuum
397 2881 539 2977 mptlrum
563 2879 773 2953 Platonicum
798 2878 841 2952 vla
865 2902 995 2971 amore,
1010 2877 1124 2950 'luxus
1151 2873 1214 2974 (ita
1235 2879 1388 2953 verterim
1410 2883 1535 2981 πόρος)
1569 2887 1604 2954 et
1633 2882 1765 2980 inopiae
1792 2878 1927 2989 (πενία)

258 3003 340 3096 ilio,
365 3001 526 3075 natalitiis
540 2998 685 3074 Veneris
698 2997 837 3073 inIovis
851 2998 955 3072 lrortis
981 2997 1157 3071 celebratis
1183 3006 1356 3098 concepto,
1381 2999 1548 3096 sagaciter
1571 3000 1802 3098 explicantem,
1829 3024 1928 3099 quum

258 3124 296 3197 id
318 3129 444 3194 tautum
468 3120 626 3194 voluerim
652 3119 838 3212 ostendere,
864 3142 948 3217 quaa
972 3117 1037 3190 sini
1061 3118 1340 3214 interpretationis
1365 3129 1545 3218 praccepta
1569 3120 1642 3221 ipse
1666 3122 1826 3220 posuerit,
1859 3143 1928 3195 non

261 3241 396 3339 copiose
424 3240 608 3332 ostendere,
634 3239 794 3335 quomodo
819 3238 903 3311 haec
927 3245 1105 3335 praecepta
1129 3236 1249 3334 ultique
1274 3246 1408 3311 secutus
1431 3237 1559 3332 fuerit„
1578 3241 1620 3313 ‹lo
1646 3265 1709 3338 quo
1735 3251 1822 3318 totus
1847 3244 1928 3316 milri
2024 3222 2033 3236 ⁹

260 3361 348 3434 liber
373 3359 627 3432 conscribendus
654 3365 755 3431 esset.
807 3356 856 3430 Ut
879 3380 957 3430 vero
982 3356 1109 3448 mean,
1144 3355 1223 3452 qnid
1246 3357 1406 3456 imprimis
1439 3359 1474 3430 in
1499 3358 1626 3432 Plotini
1660 3362 1702 3432 ds
1733 3362 1793 3437 illo
1818 3364 1928 3461 mytho

263 3477 427 3554 sententia
452 3477 532 3550 milri
555 3477 729 3575 placuerit,
756 3482 808 3549 ost
831 3476 917 3569 lroc,
944 3476 1029 3572 quoi
1053 3474 1228 3548 Platonem
1254 3476 1295 3549 do
1319 3502 1396 3550 vero
1423 3484 1457 3550 et
1481 3502 1605 3551 sumum
1631 3502 1743 3554 amore
1767 3483 1826 3557 illo
1851 3485 1928 3559 loco

261 3622 329 3674 non
346 3596 541 3694 cogitavisse
556 3597 623 3668 iam
641 3621 682 3668 ex
696 3604 869 3694 parantum
891 3595 1076 3668 nominibus
1100 3595 1251 3686 coniicit,
1277 3596 1422 3695 inopiam
1444 3596 1531 3669 enirn
1555 3606 1671 3672 censet
1691 3624 1766 3676 esse
1784 3603 1929 3678 insatia-
1963 3595 1975 3607 ”

262 3718 331 3793 uile
355 3717 443 3791 istud
468 3723 565 3815 atque
590 3715 749 3787 infinitum
776 3716 905 3790 annuae
931 3715 1147 3810 dcsiderimn,
1183 3716 1289 3814 quod,
1316 3741 1509 3815 quamquam
1533 3717 1630 3793 luxus
1662 3722 1772 3813 (cuins
1796 3724 1928 3796 nornine

262 3837 422 3911 rationem
446 3843 542 3936 putat
566 3832 760 3932 significari)
787 3859 862 3908 cum
887 3858 929 3908 oa
955 3842 1070 3931 coeat,
1094 3857 1270 3935 numquam
1293 3860 1428 3934 prorsus
1455 3839 1642 3937 expleatur3
1678 3863 1719 3912 ex
1744 3840 1804 3912 toli
1827 3839 1929 3937 igitur

316 4135 353 4207 ⁸⁸)
369 4135 448 4202 Quod
465 4137 585 4194 Plotium
601 4140 628 4193 lu
645 4138 711 4195 liure
728 4137 763 4193 ‹ls
779 4139 915 4195 dialectica
938 4139 975 4208 (l,
992 4140 1031 4206 a)
1056 4145 1109 4194 aru
1130 4139 1291 4209 posituim,
1313 4139 1406 4207 qm‘bns
1423 4125 1457 4194 si
1474 4138 1551 4195 <leam
1574 4124 1784 4210 cognoscendam
1801 4141 1928 4212 possimus

366 4221 503 4286 amedera,
526 4224 659 4288 musteum,
681 4236 759 4290 quarn
777 4240 824 4292 pro
842 4224 961 4279 omuibus
979 4225 1034 4277 attus
1051 4224 1290 4290 intensonosa,
1315 4239 1440 4291 amorem,
1465 4225 1627 4281 natatem
1644 4227 1763 4296 «leuique,
1779 4229 1877 4284 atham
1893 4227 1928 4283 ab

366 4307 424 4361 uns
442 4305 538 4361 rasa
554 4314 703 4376 reputatam
720 4317 801 4376 asset,
818 4311 862 4378 qut
879 4309 936 4366 sols
953 4306 1115 4380 pnnosopnu
1130 4309 1166 4366 st
1182 4310 1266 4365 Deum
1283 4310 1409 4404 papmiri
1426 4326 1506 4380 poue
1524 4311 1622 4381 opinati
1638 4318 1707 4368 snut.

313 4439 505 4512 ¹⁶)111‚a,s.
573 4500 578 4509 ,

313 4571 348 4643 ⁸⁹)
366 4577 505 4630 Aetemnm
523 4575 600 4645 igitur
617 4576 710 4630 mentis
728 4591 760 4630 su
779 4575 829 4632 deo
847 4585 948 4646 partum
966 4580 1091 4646 nominat,
1115 4579 1258 4650 (γέννησις
1278 4579 1383 4650 ἀΐδιος)
1403 4580 1449 4648 Vl,
1466 4585 1492 4646 8,
1508 4585 1551 4645 20,
1575 4597 1626 4650 qno
1651 4583 1760 4657 termino
1782 4582 1929 4640 felicissime

371 4677 435 4714 sane
453 4663 556 4716 invento
581 4662 697 4728 dogmati
721 4661 851 4715 churtiani
868 4664 902 4716 de
920 4665 1033 4718 trinitate
1049 4666 1204 4733 interpretes
1221 4683 1283 4721 usos
1300 4669 1379 4721 tuisse
1396 4666 1508 4719 maxime
1526 4668 1582 4733 quis
1600 4668 1719 4722 nescim?
1744 4667 1840 4724 Totum
1858 4669 1928 4722 illam

369 4744 463 4798 librum
480 4746 515 4799 ds
531 4747 605 4799 nutus
622 4745 743 4800 libertate
765 4753 793 4801 st
815 4748 948 4803 voluntate
969 4749 1028 4816 (vl,
1045 4750 1077 4816 s)
1094 4750 1188 4821 team,
1210 4752 1254 4820 qul
1270 4767 1431 4824 cognoscere
1447 4751 1533 4822 eupit,
1558 4767 1611 4821 quo
1634 4754 1750 4810 ammius
1767 4752 1885 4810 Plotium
1901 4753 1929 4809 in

367 4827 471 4884 latinos
488 4830 622 4888 decatum
639 4831 673 4888 de
690 4831 742 4888 deo
759 4846 878 4888 recessus
895 4834 1077 4904 psmmvortt.
1166 4861 1169 4865 v
