4386 5618
1123 431 1177 509 44
1336 492 1340 501 .

315 663 382 751 nen
407 645 533 715 eertum
557 638 618 714 sed
640 638 801 713 incertum
827 578 882 711 rel
903 645 1030 735 tempus
1056 637 1108 711 rel
1131 638 1242 712 locum
1267 635 1457 728 enuntiant,
1488 635 1611 732 gradm
1635 636 1887 736 comparationis
1911 637 1987 713 lor·

252 850 255 856 .
315 768 419 854 nant,
443 760 508 867 boc
533 767 624 833 recte
648 759 725 834 inde
750 758 921 856 explicat·
939 757 1025 856 quod
1049 757 1140 831 notio
1166 781 1290 849 eorum,
1323 765 1361 829 ut
1384 756 1558 830 multorum
1583 756 1826 852 adiectivorum,
1859 760 1988 834 ineerta

316 887 352 955 et
375 881 470 979 quasi
494 887 651 979 perpetuo
666 870 720 951 ¹od
738 877 870 974 aliquid
893 879 1001 951 relata
1025 879 1081 951 sit.
1096 872 1149 970 ιτ’)
1164 917 1219 934 -
1241 874 1355 949 Etiam
1381 877 1578 973 syntecticus
1602 876 1736 975 linguae
1760 881 1905 952 rationes
1930 878 1986 951 di·

260 985 263 989 ’
315 997 532 1097 ligentissime
558 1024 632 1072 eum
656 998 890 1095 exploravisse,
924 999 1069 1095 quamuis
1093 997 1201 1070 minus
1225 1021 1326 1095 saepe
1351 996 1394 1070 de
1418 998 1460 1070 iis
1486 996 1650 1094 disputet,
1683 998 1772 1071 baud
1796 995 1988 1097 pauci-loci

316 1127 491 1195 testantur.
534 1117 609 1210 Sic,
634 1142 731 1214 quum
747 1118 783 1190 in
801 1120 912 1210 rebus,
940 1143 1021 1215 qnas
1046 1142 1145 1193 sensu
1169 1117 1380 1215 percipimus,
1406 1117 1626 1192 subiectuma
1648 1115 1841 1216 praedicato
1866 1117 1990 1191 distin·

316 1238 480 1336 gnendum
505 1262 580 1311 esse
605 1239 825 1333 cognovisset,
849 1239 898 1311 ita
911 1246 950 1310 nt
967 1239 1049 1311 illud
1072 1239 1179 1336 ipsam
1205 1238 1393 1329 essentiam,
1417 1237 1488 1310 boo
1506 1238 1664 1311 attributa
1689 1237 1874 1312 accidentia
1896 1236 1990 1310 indi-

317 1366 432 1449 carot,
467 1357 565 1430 simul
589 1358 769 1451 intellexit,
799 1359 834 1430 in
859 1358 951 1456 puris
971 1360 1102 1435 mentis
1128 1358 1314 1430 notionibus
1339 1358 1452 1455 speeie
1477 1348 1583 1454 magis
1608 1382 1705 1455 quam
1730 1381 1768 1432 re
1793 1381 1815 1430 a
1839 1357 1989 1432 subiecto

315 1476 509 1576 praedicata
533 1473 690 1571 discerni,
716 1480 793 1576 qnia
818 1479 973 1576 quidquid
995 1480 1037 1552 de
1061 1486 1170 1551 mente
1196 1477 1371 1562 diceretur,
1397 1477 1531 1549 adeius
1552 1483 1703 1551 namram
1727 1477 1989 1551 consfitueudarn

315 1596 507 1696 pertineret.
557 1596 601 1670 In
626 1598 688 1673 deo
714 1607 823 1672 autem
848 1599 912 1672 boe
945 1599 1122 1673 discrimen
1146 1623 1280 1696 prorsus
1313 1592 1477 1671 sublatum
1501 1620 1578 1670 esse
1600 1597 1698 1692 uidit,
1732 1621 1838 1694 neque
1862 1596 1989 1695 aliquid

315 1716 351 1791 iu
377 1740 418 1790 eo
443 1716 509 1791 uisi
532 1717 638 1817 solum
663 1718 752 1790 istud
776 1725 830 1811 ἐ’ςι
850 1718 991 1814 eogitari
1015 1743 1125 1817 posse,
1151 1718 1247 1810 adeo,
1274 1718 1304 1790 si
1320 1741 1450 1789 omnem
1473 1717 1671 1790 diversitatis
1693 1717 1863 1790 notionem
1886 1717 1988 1815 plane
2145 1725 2152 1737 '

316 1836 436 1911 tollere
461 1835 557 1927 velis,
583 1836 683 1909 etiam
697 1837 761 1910 boo
786 1836 1025 1934 anaedicatmn,
1049 1839 1194 1935 quamvis
1217 1860 1351 1909 vaenum
1368 1835 1440 1907 lere
1465 1844 1668 1930 argumento,
1694 1836 1989 1932 negandamesse3

316 1953 397 2027 ridit
414 1953 526 2049 igitur,
551 1955 684 2027 verbum
706 1957 796 2034 aiano
813 1979 886 2028 csse
912 1959 1054 2029 omnium
1079 1958 1279 2055 reliquorum
1302 1954 1558 2047 fundamentum,
1584 1954 1768 2027 absolutum
1789 1964 1825 2028 et
1839 1980 1926 2050 rere,
1951 1962 1990 2030 at
2132 1995 2138 2003 =

183 2063 186 2070 ’
315 2072 524 2172 grammatici
544 2073 669 2166 dicunt,
690 2074 942 2169 substantivam.
956 2070 1010 2171 ¹²¹)
1023 2116 1077 2133 -
1108 2075 1283 2151 Notissimi
1307 2098 1434 2172 quoqne
1457 2074 1548 2147 illius
1573 2073 1704 2146 dicendi
1728 2075 1872 2171 generis,
1900 2075 1989 2174 quod

159 2192 169 2196 ’
233 2193 238 2200 ’
316 2216 420 2292 saepe
449 2193 676 2293 praedicatum
708 2195 744 2267 in
776 2202 892 2268 neutro
927 2196 1102 2294 apponitur
1134 2194 1337 2270 substantivo
1370 2194 1545 2268 masculini
1578 2194 1631 2267 rel
1661 2194 1810 2267 seminini
1843 2180 1989 2292 muenia,

318 2313 398 2407 (onix
414 2315 550 2410 ἀγαθὸν
569 2324 829 2416 πολυκοιρανίη,
855 2317 920 2408 vel,
946 2318 1032 2414 quod
1056 2317 1129 2413 ipsc
1155 2315 1251 2388 affert
1275 2315 1471 2411 exemplum,
1505 2323 1625 2391 λευκὸν
1644 2320 1876 2416 ὖΣωκρᾶτης)
1901 2339 1989 2391 can·

154 2492 159 2499 .
317 2453 390 2505 sam
414 2439 506 2503 recte
531 2433 720 2527 perspexit,
755 2442 789 2504 et
815 2434 914 2523 uidit,
949 2434 1126 2503 nunidem
1151 2456 1246 2513 esse,
1279 2433 1387 2500 utrum
1413 2432 1505 2500 dieas
1530 2440 1651 2504 λευκὸν
1672 2437 1692 2504 ὁ
1713 2439 1905 2530 Σωκράτης,
1942 2457 1986 2506 au

318 2553 439 2655 λεύκρς
453 2553 472 2624 ὃ
487 2554 687 2646 Σωκράτης·
722 2548 786 2622 boe
821 2548 909 2619 enirm
940 2549 1109 2637 indicare,
1145 2547 1215 2617 albi
1247 2547 1412 2616 notionem
1434 2555 1473 2616 ut
1505 2547 1660 2631 accidens
1692 2546 1825 2643 aliquod
1851 2548 1988 2624 Socrati
2044 2592 2047 2601 ·

317 2665 464 2759 attribui,
487 2665 583 2759 illud,
607 2667 759 2740 universa
784 2667 853 2741 albi
876 2667 1022 2760 notione,
1048 2688 1189 2762 quares
1214 2688 1328 2736 omncs
1354 2664 1451 2737 albae
1474 2664 1715 2759 contineantur,
1739 2667 1838 2739 etiam
1856 2667 1988 2744 Socra.

316 2795 385 2861 tem
409 2784 653 2885 comprehendi.
666 2781 720 2883 ¹¹²)
745 2828 799 2846 -·
833 2784 918 2860 Cum
950 2787 1090 2858 aliorum
1120 2807 1253 2856 casuum
1280 2791 1348 2856 tmn
1378 2782 1513 2879 genitivi
1537 2783 1697 2856 rationem
1722 2785 1839 2859 melius
1863 2788 1905 2861 iis
1930 2789 1988 2862 in·

316 2906 458 3000 tellerit,
494 2906 550 3004 qui
573 2931 690 3005 nuper,
723 2907 766 2980 ad
790 2908 881 3004 ipsas
907 2902 1116 3000 cogitationis
1140 2903 1234 2998 leges
1259 2902 1365 2973 minus
1391 2902 1608 2999 attendentes,
1635 2926 1749 2975 omnes
1773 2927 1908 2980 casuum
1934 2909 1986 2984 rel
2111 2953 2116 2961 =

316 3025 558 3100 diuersissimas
587 3026 844 3123 significationes
870 3022 913 3094 ad
938 3024 1002 3094 vim
1035 3021 1179 3117 aliquam
1212 3020 1353 3094 localem
1377 3020 1503 3094 relemo
1528 3030 1563 3094 et
1587 3022 1681 3119 quasi
1705 3021 1898 3121 detorquere
1925 3053 1988 3101 co·

315 3147 387 3223 nati
411 3154 505 3234 sunt3
536 3168 614 3216 nam
637 3143 814 3239 genitivum
838 3142 1024 3240 ponendum
1049 3165 1124 3214 esse
1143 3143 1283 3234 censuit,
1308 3140 1493 3238 ubicunque
1517 3165 1574 3214 rea
1597 3143 1709 3240 aliqua
1733 3167 1800 3217 non
1825 3146 1898 3235 sola
1922 3172 1987 3222 co·

316 3264 495 3362 gitaretnr,
529 3261 590 3335 aad
615 3261 659 3334 ad
683 3262 795 3357 aliurn,
828 3285 966 3360 quaeum
990 3286 1078 3335 nexu
1103 3260 1242 3358 quodam
1266 3262 1379 3334 iuncta
1403 3268 1504 3354 esset,
1534 3260 1725 3355 referretur,
1758 3288 1863 3362 neque
1888 3268 1988 3365 qnid·

316 3400 415 3482 quam
438 3405 479 3456 eo
503 3381 570 3455 nisi
601 3381 708 3481 ipsam
734 3383 821 3456 banc
852 3382 1046 3455 relationem
1078 3381 1231 3454 iudicari.
1244 3375 1297 3474 ¹¹¹)
1349 3379 1415 3473 Qui
1441 3380 1587 3478 vestigiis
1611 3381 1737 3455 Plotini
1769 3383 1922 3480 insistet,
1951 3389 1988 3464 is

245 3549 252 3557 -
314 3500 432 3587 sedem
459 3502 536 3578 loco
569 3502 669 3577 etiam
697 3503 859 3597 inueniet,
893 3502 971 3601 quid
993 3502 1053 3575 ille
1077 3501 1119 3575 de
1149 3499 1286 3599 reliquis
1319 3500 1452 3597 casibus
1480 3500 1621 3599 obliquis
1646 3502 1791 3576 sensisse
1815 3506 1984 3603 rideatur3

315 3629 405 3715 nara,
439 3622 526 3720 quod
550 3622 619 3695 iarn
644 3648 743 3722 supra
768 3610 909 3715 dixerat,
942 3622 1132 3712 bieiterat,
1159 3628 1266 3694 motus
1292 3628 1349 3693 aut
1371 3645 1448 3694 esse
1472 3621 1640 3695 absolutos
1665 3630 1722 3694 aut
1746 3623 1845 3720 tales,
1871 3627 1987 3724 quiin
2045 3648 2050 3654 ·
2102 3676 2104 3682 .

318 3741 446 3841 qando
463 3749 498 3816 et
512 3742 666 3841 patiendo
683 3744 928 3842 conspiciantur
942 3751 976 3817 et
987 3767 1059 3816 rern
1074 3741 1217 3838 aliquam
1234 3740 1299 3814 sibi
1313 3742 1474 3814 obiectam
1500 3741 1661 3832 babeant3
1675 3737 1728 3833 ¹²⁴)
1754 3743 1821 3816 iam
1846 3745 1986 3839 ‹lic-eret,

315 3862 450 3940 illarum
481 3863 705 3937 absolutarum
739 3864 904 3936 actionum
928 3863 1029 3936 inem
1061 3861 1191 3955 dativo,
1221 3859 1336 3934 barum
1368 3862 1555 3935 accusativo
1581 3861 1763 3949 enuntiari;
1797 3861 1882 3958 qnod
1907 3887 1987 3940 aero

315 3982 504 4059 accusativo
535 4007 637 4081 saepe
660 3984 796 4082 insuper
819 3982 946 4056 dativus
972 3982 1007 4054 in
1032 3981 1161 4075 verbis,
1192 4005 1276 4078 quae
1310 3981 1473 4056 obiectum
1504 3979 1637 4078 aliquod
1669 3979 1809 4075 babent,
1843 3981 1987 4080 additur,

315 4101 351 4176 ia
375 4102 429 4176 lis
452 4101 587 4177 doceret
609 4101 707 4176 inem
731 4104 914 4204 proximum
939 4127 961 4176 a
985 4100 1123 4176 masilia
1149 4124 1224 4175 csse
1249 4099 1510 4193 discernendum,
1539 4107 1576 4172 et
1599 4097 1686 4197 quod
1709 4097 1797 4174 baad
1820 4125 1897 4177 raro
1923 4125 1993 4179 ao-

357 4371 577 4443 myrram
613 4357 635 4365 “

325 4465 577 4544 'Quaqua

355 4574 559 4644 ”blm

352 4673 569 4816 ”baffi
603 4672 1771 4832 lxfflaidtwttffifflfflffi
1795 4682 1985 4738 ‘'⁸¹¹''

353 4777 1362 4939 unimammas-admonitii
1442 4863 1497 4911 ·-
