4386 5618
740 1917 771 1981 .’.
960 1944 977 1983 ἰ
1005 1940 1141 2010 ,jae
1169 1943 1259 1990 ,ιι-ιιι
1325 1943 1410 1987 nata
1458 1949 1474 1985 ι.
1513 1930 1576 1986 Ῐ.;·,
1661 1943 1676 1983 ι·
1705 1921 1743 1959 ’·

960 1992 1247 2102 canoel.
1487 2087 1495 2106 ‚
1835 2065 1878 2103 .-

748 2162 959 2242 Plotinus
982 2167 1190 2244 Platonis
1215 2169 1449 2265 interpres,

265 2476 360 2584 Est
381 2501 508 2599 regium
532 2523 613 2575 sane
638 2523 774 2594 munus,
800 2499 980 2597 scriptores
1005 2507 1132 2573 ueteres
1154 2500 1205 2573 ita
1229 2498 1460 2598 interpretari,
1486 2505 1523 2572 ut
1547 2522 1613 2572 uon
1639 2496 1784 2595 syllabas
1809 2505 1934 2574 tantum
2027 2523 2031 2529 ·

267 2602 310 2703 et
325 2626 426 2700 uerba
458 2629 649 2719 captemus,
680 2620 741 2692 sed
766 2620 954 2692 reconditas
977 2643 1092 2691 eorum
1109 2620 1296 2692 scantiae
1323 2626 1356 2689 et
1381 2619 1582 2714 perscrutari
1608 2625 1643 2691 et
1668 2643 1832 2713 exponere
1859 2630 1934 2693 stu·

267 2748 415 2822 deamus.
465 2741 543 2814 Hac
568 2739 753 2814 rectissima
775 2737 1064 2836 interpretationis·
1079 2738 1207 2810 ratione
1231 2738 1298 2808 iam
1322 2736 1483 2808 maximos
1507 2737 1584 2808 illos
1598 2736 1843 2811 Alexandrinos
1864 2741 1935 2813 cri·

273 2868 359 2942 ticos
384 2888 462 2937 usos
485 2861 603 2955 luisse,
634 2885 677 2934 ex
699 2858 849 2954 reliquiis
874 2880 987 2928 eorum
1012 2856 1183 2952 dispersis,
1216 2855 1362 2951 quaein
1387 2855 1523 2929 scholiis
1549 2856 1592 2928 ad
1616 2855 1815 2951 Homerum,
1848 2859 1937 2933 Pin-
1993 2918 1995 2923 .

268 2984 397 3079 darum,
416 2981 688 3078 Aristophanem,
711 2976 926 3073 Sophoclem,
952 2974 1038 3047 alios
1053 2976 1204 3049 collectis
1221 2981 1372 3047 servatae
1396 2983 1473 3047 sunt
1496 2976 1631 3069 multae,
1657 2978 1738 3050 satis
1763 3004 1936 3075 possumus

270 3108 431 3180 iudicare.
481 3099 582 3174 Nunc
607 3121 684 3170 vcro
709 3095 860 3168 diuturno
884 3119 947 3167 usu
969 3104 1107 3192 recepta
1129 3103 1165 3168 et
1190 3094 1283 3193 quasi
1310 3094 1439 3169 sancita
1462 3097 1528 3169 ista
1551 3097 1693 3169 maxime
1717 3082 1862 3171 luxuriat
1880 3100 1937 3173 iu·

270 3219 485 3324 terpretatio,
500 3314 504 3322 .
518 3240 603 3315 quae
628 3216 663 3299 in
691 3214 831 3312 singulis
865 3213 1057 3312 quibusdam
1089 3216 1188 3288 rebus
1219 3216 1451 3312 vocabulisque
1485 3215 1689 3313 explicandis
1721 3221 1937 3316 exspatiatur,

270 3368 355 3447 quae
381 3365 477 3441 quam
501 3334 692 3410 necessaria
715 3334 780 3428 sit,
814 3333 979 3431 quianon
1003 3331 1135 3406 uideat?
1167 3334 1229 3408 sed
1253 3343 1306 3408 cst
1327 3334 1617 3432 propaedcuh‘cum
1641 3344 1766 3411 tantum
1792 3340 1937 3437 aliquod,

271 3474 309 3540 ιιι
324 3465 372 3537 ita
389 3461 508 3553 ffieam,
532 3481 650 3553 genus,
675 3459 710 3527 et
732 3454 855 3551 gradus
878 3452 1021 3546 iniimus,
1048 3480 1110 3552 quo
1134 3453 1259 3528 tirones
1284 3455 1328 3527 ad
1352 3455 1473 3527 altiora
1498 3455 1628 3529 droant
1651 3457 1842 3533 ascendere.
1867 3460 1939 3534 Al-

272 3587 339 3660 tius
372 3583 439 3654 iam
464 3576 555 3652 aliud
577 3574 814 3672 interpretandi
842 3598 946 3671 genus
972 3574 1153 3667 attollitur,
1187 3573 1274 3671 quod
1297 3573 1334 3645 iu
1359 3575 1599 3649 enuntiatorum
1630 3600 1717 3650 nexu
1742 3579 1938 3677 explicando

274 3709 444 3794 uersatur,
471 3695 558 3796 quod
581 3697 753 3767 verborum
778 3695 923 3791 explicat
947 3693 1110 3766 delectum
1132 3693 1179 3766 ad
1203 3693 1382 3766 sententias
1408 3696 1493 3768 benc
1518 3696 1818 3790 accommodatum,
1852 3698 1939 3796 quod

273 3822 452 3901 sententias
475 3819 568 3916 ipsas
599 3815 636 3886 in
660 3821 769 3886 mente
799 3813 970 3910 scriptoris
995 3838 1070 3886 sese
1096 3813 1296 3911 excipientes
1322 3814 1494 3887 ostendere
1527 3816 1637 3889 studet
1669 3842 1711 3889 ex
1735 3816 1839 3912 iisque
1865 3819 1939 3891 sin·

274 3947 353 4046 gula
376 3949 467 4017 recte
492 3936 697 4033 intelligere3
722 3957 828 4031 neque
841 3934 937 4006 nobis
955 3935 1090 4031 egregia
1106 3935 1201 4008 huius
1225 3933 1504 4031 interpretationis
1528 3934 1681 4031 exempla
1706 3934 1833 4010 desunt
1867 3937 1939 4020 Sed

273 4075 353 4140 tnnc
371 4062 499 4134 demum
517 4056 690 4153 interpres
698 4079 858 4126 summme
872 4055 907 4124 in
925 4061 996 4125 arte
1012 4078 1072 4126 sua
1087 4061 1257 4126 assecutus
1274 4077 1349 4126 esse
1376 4053 1602 4145 videbitur,
1575 4078 1605 4125 ιι
1630 4078 1814 4151 supremam
1838 4060 1939 4132 totius

275 4183 444 4309 operis
410 4180 570 4254 rationem
594 4174 800 4274 perspexerit
824 4180 923 4245 etex
948 4173 1012 4246 hac
1037 4173 1167 4270 singula
1190 4173 1238 4246 ita
1262 4172 1495 4265 illustraverit,
1528 4179 1565 4245 ut
1590 4172 1815 4246 admirabilem
1839 4177 1938 4250 istum

142 4368 146 4375 .
276 4263 490 4393 concenttim,
524 4319 587 4396 quo
612 4295 782 4368 universae
807 4291 1019 4365 artificiorum
1044 4293 1397 4391 praestantissimorum
1428 4298 1540 4389 partes
1565 4300 1600 4365 et
1623 4293 1710 4366 inter
1734 4316 1772 4366 se
1805 4300 1839 4366 et
1864 4320 1939 4370 cum

276 4434 348 4502 tcto
381 4444 480 4523 opere
514 4418 646 4514 egregio
672 4414 878 4513 conspirant,
912 4412 1000 4485 uel
989 4437 1025 4484 ιιι
1048 4417 1147 4487 rebus
1172 4412 1395 4486 minutissimis
1427 4411 1578 4486 didicerit
1600 4413 1811 4508 inuestigare.
1861 4413 1940 4492 Ilao

276 4571 355 4622 vera
380 4551 414 4617 et
438 4538 579 4614 maxima
603 4535 792 4633 interpretis
815 4541 886 4604 arte
912 4557 995 4605 unus
1019 4535 1162 4607 omnium
1187 4533 1344 4606 excellunt
1356 4532 1521 4606 Dissenus
1547 4538 1566 4610 ὁ
1587 4537 1765 4630 μακάριος,
1794 4533 1939 4629 quicum

276 4665 424 4741 Pindaro
450 4683 522 4750 suo,
549 4655 699 4748 Tibullo,
725 4653 950 4728 Demosthene
974 4678 1041 4726 non
1065 4654 1227 4726 interdum
1252 4661 1377 4725 tantum
1402 4651 1627 4727 confabulatus
1654 4673 1747 4745 esse,
1775 4652 1833 4725 sed
1859 4681 1941 4752 per·

277 4792 375 4887 petuo
401 4802 476 4856 cum
506 4775 549 4851 iis
573 4775 695 4851 uixisse
728 4781 763 4851 et
787 4774 823 4847 in
846 4773 994 4848 intimam
1019 4797 1132 4849 eorum
1164 4772 1423 4849 familiaritatem
1446 4777 1599 4868 receptus
1623 4768 1727 4846 fuisse
1752 4772 1940 4868 ridebatur3
